<collection>
<record>
  <controlfield tag="001">902725</controlfield>
  <controlfield tag="005">20140501172247.0</controlfield>
  <datafield tag="909" ind1="C" ind2="O">
    <subfield code="o">oai:inspirehep.net:902725</subfield>
    <subfield code="p">INSPIRE:Institutions</subfield>
  </datafield>
  <datafield tag="961" ind1=" " ind2=" ">
    <subfield code="c">1989-07-16</subfield>
    <subfield code="x">2014-05-01</subfield>
  </datafield>
  <datafield tag="678" ind1="1" ind2=" ">
    <subfield code="a">Conseil européen pour la Recherche Nucléaire (1952-1954)</subfield>
    <subfield code="a">Organisation européenne pour la Recherche nucléaire (1954-now)</subfield>
    <subfield code="a">Sub title: Laboratoire européen pour la Physique des Particules (1984-now)</subfield>
    <subfield code="a">Sub title: European Laboratory for Particle Physics (1984-now)</subfield>
  </datafield>
  <datafield tag="970" ind1=" " ind2=" ">
    <subfield code="a">INST-1147</subfield>
  </datafield>
  <datafield tag="980" ind1=" " ind2=" ">
    <subfield code="b">HEP200</subfield>
    <subfield code="b">LABLIST</subfield>
    <subfield code="b">PDGLIST</subfield>
    <subfield code="b">PPF</subfield>
    <subfield code="b">SLUO</subfield>
    <subfield code="b">TOP050</subfield>
    <subfield code="b">TOP100</subfield>
    <subfield code="b">TOP200</subfield>
    <subfield code="b">TOP500</subfield>
    <subfield code="b">WEB</subfield>
  </datafield>
  <datafield tag="980" ind1=" " ind2=" ">
    <subfield code="a">INSTITUTION</subfield>
  </datafield>
  <datafield tag="980" ind1=" " ind2=" ">
    <subfield code="a">CORE</subfield>
  </datafield>
  <datafield tag="690" ind1="C" ind2=" ">
    <subfield code="a">CORE</subfield>
  </datafield>
  <datafield tag="856" ind1="4" ind2=" ">
    <subfield code="u">http://www.cern.ch</subfield>
  </datafield>
  <datafield tag="856" ind1="4" ind2=" ">
    <subfield code="u">https://twitter.com/CERN</subfield>
    <subfield code="y">TWITTER</subfield>
  </datafield>
  <datafield tag="856" ind1="4" ind2=" ">
    <subfield code="u">https://www.youtube.com/user/CERNTV</subfield>
    <subfield code="y">YOUTUBE</subfield>
  </datafield>
  <datafield tag="410" ind1=" " ind2=" ">
    <subfield code="9">DESY</subfield>
    <subfield code="a">CERN Geneva</subfield>
  </datafield>
  <datafield tag="410" ind1=" " ind2=" ">
    <subfield code="a">Centre Européen de Recherches Nucléaires</subfield>
    <subfield code="g">center</subfield>
  </datafield>
  <datafield tag="110" ind1=" " ind2=" ">
    <subfield code="a">European Organization for Nuclear Research (CERN)</subfield>
    <subfield code="t">CERN, Geneva</subfield>
    <subfield code="u">CERN</subfield>
    <subfield code="z">902725</subfield>
  </datafield>
  <datafield tag="371" ind1=" " ind2=" ">
    <subfield code="a">CH-1211 Genève 23</subfield>
    <subfield code="b">Geneva</subfield>
    <subfield code="d">Switzerland</subfield>
    <subfield code="e">1211</subfield>
    <subfield code="g">CH</subfield>
    <subfield code="z">902725</subfield>
  </datafield>
  <datafield tag="372" ind1=" " ind2=" ">
    <subfield code="a">Research center</subfield>
  </datafield>
  <datafield tag="680" ind1=" " ind2=" ">
    <subfield code="i">2nd address: Organisation Européenne pour la Recherche Nucléaire (CERN), F-01631 Prévessin Cedex, France</subfield>
  </datafield>
  <datafield tag="034" ind1=" " ind2=" ">
    <subfield code="d">6.05</subfield>
    <subfield code="f">46.2333333</subfield>
  </datafield>
  <datafield tag="043" ind1=" " ind2=" ">
    <subfield code="t">+01</subfield>
  </datafield>
</record>