
<record>
  <controlfield tag="001">903112</controlfield>
  <controlfield tag="005">20140430194325.0</controlfield>
  <datafield tag="690" ind1="C" ind2=" ">
    <subfield code="a">CORE</subfield>
  </datafield>
  <datafield tag="856" ind1="4" ind2=" ">
    <subfield code="u">http://www.physics.ox.ac.uk/pp/</subfield>
  </datafield>
  <datafield tag="856" ind1="4" ind2=" ">
    <subfield code="u">https://twitter.com/OxfordPhysics</subfield>
    <subfield code="y">TWITTER</subfield>
  </datafield>
  <datafield tag="970" ind1=" " ind2=" ">
    <subfield code="a">INST-5240</subfield>
  </datafield>
  <datafield tag="980" ind1=" " ind2=" ">
    <subfield code="b">HEP200</subfield>
    <subfield code="b">PDGLIST</subfield>
    <subfield code="b">PPF</subfield>
    <subfield code="b">SLUO</subfield>
    <subfield code="b">TOP050</subfield>
    <subfield code="b">TOP100</subfield>
    <subfield code="b">TOP200</subfield>
    <subfield code="b">TOP500</subfield>
    <subfield code="b">WEB</subfield>
  </datafield>
  <datafield tag="980" ind1=" " ind2=" ">
    <subfield code="a">INSTITUTION</subfield>
  </datafield>
  <datafield tag="980" ind1=" " ind2=" ">
    <subfield code="a">CORE</subfield>
  </datafield>
  <datafield tag="909" ind1="C" ind2="O">
    <subfield code="o">oai:inspirehep.net:903112</subfield>
    <subfield code="p">INSPIRE:Institutions</subfield>
  </datafield>
  <datafield tag="961" ind1=" " ind2=" ">
    <subfield code="c">1989-08-15</subfield>
    <subfield code="x">2014-04-30</subfield>
  </datafield>
  <datafield tag="110" ind1=" " ind2=" ">
    <subfield code="a">University of Oxford</subfield>
    <subfield code="b">Particle Physics Department</subfield>
    <subfield code="t">U. Oxford, Part. Phys. Dept.</subfield>
    <subfield code="u">Oxford U.</subfield>
  </datafield>
  <datafield tag="371" ind1=" " ind2=" ">
    <subfield code="a">Denys Wilkinson Bldg.</subfield>
    <subfield code="a">Keble Road</subfield>
    <subfield code="a">Oxford OX1 3RH</subfield>
    <subfield code="b">Oxford</subfield>
    <subfield code="d">United Kingdom</subfield>
    <subfield code="e">OX1 3RH</subfield>
    <subfield code="g">UK</subfield>
    <subfield code="z">903112</subfield>
    <subfield code="z">903112</subfield>
  </datafield>
  <datafield tag="510" ind1=" " ind2=" ">
    <subfield code="0">925682</subfield>
    <subfield code="a">U. Oxford</subfield>
    <subfield code="w">t</subfield>
  </datafield>
  <datafield tag="372" ind1=" " ind2=" ">
    <subfield code="a">University</subfield>
  </datafield>
  <datafield tag="410" ind1=" " ind2=" ">
    <subfield code="9">DESY_AFF</subfield>
    <subfield code="a">OXFORD ALL SOULS COLL</subfield>
  </datafield>
  <datafield tag="410" ind1=" " ind2=" ">
    <subfield code="9">DESY_AFF</subfield>
    <subfield code="a">Oxford U. Phys.</subfield>
  </datafield>
  <datafield tag="410" ind1=" " ind2=" ">
    <subfield code="g">Oxford Martin School</subfield>
    <subfield code="g">OXFORDphysics, Oxford, Oxon</subfield>
    <subfield code="g">Nuclear Physics Laboratory OX RH</subfield>
  </datafield>
  <datafield tag="410" ind1=" " ind2=" ">
    <subfield code="9">DESY</subfield>
    <subfield code="a">Oxford U.</subfield>
  </datafield>
  <datafield tag="410" ind1=" " ind2=" ">
    <subfield code="g">Univ.</subfield>
  </datafield>
  <datafield tag="034" ind1=" " ind2=" ">
    <subfield code="d">-1.259506</subfield>
    <subfield code="f">51.759675</subfield>
  </datafield>
  <datafield tag="043" ind1=" " ind2=" ">
    <subfield code="t">00</subfield>
  </datafield>
</record>