
<record>
  <controlfield tag="001">1214548</controlfield>
  <controlfield tag="005">20160208172143.0</controlfield>
  <datafield tag="856" ind1="4" ind2=" ">
    <subfield code="u">http://www.sciencedirect.com/science/journal/00295582</subfield>
  </datafield>
  <datafield tag="856" ind1="4" ind2=" ">
    <subfield code="u">http://www.sciencedirect.com/science/journal/03759474</subfield>
  </datafield>
  <datafield tag="856" ind1="4" ind2=" ">
    <subfield code="u">http://www.sciencedirect.com/science/journal/05503213</subfield>
  </datafield>
  <datafield tag="909" ind1="C" ind2="O">
    <subfield code="o">oai:inspirehep.net:1214548</subfield>
    <subfield code="p">INSPIRE:Journals</subfield>
  </datafield>
  <datafield tag="961" ind1=" " ind2=" ">
    <subfield code="c">2013-01-18</subfield>
    <subfield code="x">2016-02-08</subfield>
  </datafield>
  <datafield tag="643" ind1=" " ind2=" ">
    <subfield code="b">ELSEVIER</subfield>
  </datafield>
  <datafield tag="980" ind1=" " ind2=" ">
    <subfield code="a">JOURNALS</subfield>
  </datafield>
  <datafield tag="677" ind1=" " ind2=" ">
    <subfield code="x">DESY weeds entire from elect. TOC, adds unmatched relevant papers</subfield>
  </datafield>
  <datafield tag="690" ind1=" " ind2=" ">
    <subfield code="a">Peer Review</subfield>
  </datafield>
  <datafield tag="711" ind1=" " ind2=" ">
    <subfield code="a">Nucl.Phys.</subfield>
  </datafield>
  <datafield tag="730" ind1=" " ind2=" ">
    <subfield code="a">NUCLEARPHYSICSNORTH HOLLAND</subfield>
  </datafield>
  <datafield tag="730" ind1=" " ind2=" ">
    <subfield code="a">NUCL PHYS NUCL PHYS</subfield>
  </datafield>
  <datafield tag="730" ind1=" " ind2=" ">
    <subfield code="a">NUCLEARPHYSICSBFS</subfield>
  </datafield>
  <datafield tag="730" ind1=" " ind2=" ">
    <subfield code="a">NUCLEAARPHYSICS</subfield>
  </datafield>
  <datafield tag="730" ind1=" " ind2=" ">
    <subfield code="a">NUCLEARPHYSICSB</subfield>
  </datafield>
  <datafield tag="730" ind1=" " ind2=" ">
    <subfield code="a">NUCLEARPHYSICS</subfield>
  </datafield>
  <datafield tag="730" ind1=" " ind2=" ">
    <subfield code="a">NUCLEAR PHYS A</subfield>
  </datafield>
  <datafield tag="730" ind1=" " ind2=" ">
    <subfield code="a">NUCL PHYS |BF</subfield>
  </datafield>
  <datafield tag="730" ind1=" " ind2=" ">
    <subfield code="a">NUCL PHYS BFS</subfield>
  </datafield>
  <datafield tag="730" ind1=" " ind2=" ">
    <subfield code="a">NUCL PHYS BF</subfield>
  </datafield>
  <datafield tag="730" ind1=" " ind2=" ">
    <subfield code="a">NUCL PHYS FS</subfield>
  </datafield>
  <datafield tag="730" ind1=" " ind2=" ">
    <subfield code="a">NUCL PHYSICS</subfield>
  </datafield>
  <datafield tag="730" ind1=" " ind2=" ">
    <subfield code="a">NUCLEAR PHYS</subfield>
  </datafield>
  <datafield tag="730" ind1=" " ind2=" ">
    <subfield code="a">NUCLEARPHYS</subfield>
  </datafield>
  <datafield tag="730" ind1=" " ind2=" ">
    <subfield code="a">NUC PHYS A</subfield>
  </datafield>
  <datafield tag="730" ind1=" " ind2=" ">
    <subfield code="a">NUCL PHYCS</subfield>
  </datafield>
  <datafield tag="730" ind1=" " ind2=" ">
    <subfield code="a">NUCL PHYSB</subfield>
  </datafield>
  <datafield tag="730" ind1=" " ind2=" ">
    <subfield code="a">NUCL PHAYS</subfield>
  </datafield>
  <datafield tag="730" ind1=" " ind2=" ">
    <subfield code="a">NUCLE PHYS</subfield>
  </datafield>
  <datafield tag="730" ind1=" " ind2=" ">
    <subfield code="a">NUSCL PHYS</subfield>
  </datafield>
  <datafield tag="730" ind1=" " ind2=" ">
    <subfield code="a">NUUCL PHYS</subfield>
  </datafield>
  <datafield tag="730" ind1=" " ind2=" ">
    <subfield code="a">NUCL PHYS</subfield>
  </datafield>
  <datafield tag="730" ind1=" " ind2=" ">
    <subfield code="a">JUCL PHYS</subfield>
  </datafield>
  <datafield tag="730" ind1=" " ind2=" ">
    <subfield code="a">MUCL PHYS</subfield>
  </datafield>
  <datafield tag="730" ind1=" " ind2=" ">
    <subfield code="a">NCCL PHYS</subfield>
  </datafield>
  <datafield tag="730" ind1=" " ind2=" ">
    <subfield code="a">NCUL PHYS</subfield>
  </datafield>
  <datafield tag="730" ind1=" " ind2=" ">
    <subfield code="a">NECL PHYS</subfield>
  </datafield>
  <datafield tag="730" ind1=" " ind2=" ">
    <subfield code="a">NUCK PHYS</subfield>
  </datafield>
  <datafield tag="730" ind1=" " ind2=" ">
    <subfield code="a">NUCL OHYS</subfield>
  </datafield>
  <datafield tag="730" ind1=" " ind2=" ">
    <subfield code="a">NUCL PHUS</subfield>
  </datafield>
  <datafield tag="730" ind1=" " ind2=" ">
    <subfield code="a">NUCL PHYC</subfield>
  </datafield>
  <datafield tag="730" ind1=" " ind2=" ">
    <subfield code="a">NUCL RHYS</subfield>
  </datafield>
  <datafield tag="730" ind1=" " ind2=" ">
    <subfield code="a">NUEL PHYS</subfield>
  </datafield>
  <datafield tag="730" ind1=" " ind2=" ">
    <subfield code="a">NULC PHYS</subfield>
  </datafield>
  <datafield tag="730" ind1=" " ind2=" ">
    <subfield code="a">NUNL PHYS</subfield>
  </datafield>
  <datafield tag="730" ind1=" " ind2=" ">
    <subfield code="a">NCL PHYS</subfield>
  </datafield>
  <datafield tag="730" ind1=" " ind2=" ">
    <subfield code="a">NUC PHYS</subfield>
  </datafield>
  <datafield tag="730" ind1=" " ind2=" ">
    <subfield code="a">NUCL PHS</subfield>
  </datafield>
  <datafield tag="730" ind1=" " ind2=" ">
    <subfield code="a">NUCL PHY</subfield>
  </datafield>
  <datafield tag="730" ind1=" " ind2=" ">
    <subfield code="a">NUCLPHYS</subfield>
  </datafield>
  <datafield tag="730" ind1=" " ind2=" ">
    <subfield code="a">NUCL PH</subfield>
  </datafield>
  <datafield tag="730" ind1=" " ind2=" ">
    <subfield code="a">NUCLPHY</subfield>
  </datafield>
  <datafield tag="730" ind1=" " ind2=" ">
    <subfield code="a">NUCPHYS</subfield>
  </datafield>
  <datafield tag="730" ind1=" " ind2=" ">
    <subfield code="a">N PHYS</subfield>
  </datafield>
  <datafield tag="730" ind1=" " ind2=" ">
    <subfield code="a">NUPHA</subfield>
  </datafield>
  <datafield tag="730" ind1=" " ind2=" ">
    <subfield code="a">NUCLEARPHYS A</subfield>
    <subfield code="b">A</subfield>
  </datafield>
  <datafield tag="730" ind1=" " ind2=" ">
    <subfield code="a">NUCL PHYS B: FIELD THEORY STAT SYST</subfield>
    <subfield code="b">B</subfield>
  </datafield>
  <datafield tag="730" ind1=" " ind2=" ">
    <subfield code="a">NUCLEAR PHYSICS B PROC SUPPL</subfield>
    <subfield code="b">B</subfield>
  </datafield>
  <datafield tag="730" ind1=" " ind2=" ">
    <subfield code="a">B PROCEEDINGS SUPPLEMENTS</subfield>
    <subfield code="b">B</subfield>
  </datafield>
  <datafield tag="730" ind1=" " ind2=" ">
    <subfield code="a">NUCL PHYSICS B PROC SUPPL</subfield>
    <subfield code="b">B</subfield>
  </datafield>
  <datafield tag="730" ind1=" " ind2=" ">
    <subfield code="a">NUCL PHYS B</subfield>
    <subfield code="b">B</subfield>
  </datafield>
  <datafield tag="640" ind1=" " ind2=" ">
    <subfield code="a">Vols A663&amp;664 and A666&amp;667 should be written as just A663 and A666 in both PBN and CITATION</subfield>
  </datafield>
  <datafield tag="640" ind1=" " ind2=" ">
    <subfield code="a">Omit the c in the page number, eg NUPHA,A334,23c, hoc 7/00</subfield>
  </datafield>
  <datafield tag="130" ind1=" " ind2=" ">
    <subfield code="a">Nuclear Physics</subfield>
  </datafield>
  <datafield tag="030" ind1=" " ind2=" ">
    <subfield code="2">CODEN</subfield>
    <subfield code="a">NUPHA</subfield>
  </datafield>
</record>