
<record>
  <controlfield tag="001">1245372</controlfield>
  <controlfield tag="005">20151109172422.0</controlfield>
  <datafield tag="909" ind1="C" ind2="O">
    <subfield code="o">oai:inspirehep.net:1245372</subfield>
    <subfield code="p">INSPIRE:Conferences</subfield>
  </datafield>
  <datafield tag="961" ind1=" " ind2=" ">
    <subfield code="c">2013-07-31</subfield>
    <subfield code="x">2015-11-09</subfield>
  </datafield>
  <datafield tag="980" ind1=" " ind2=" ">
    <subfield code="a">CONFERENCES</subfield>
  </datafield>
  <datafield tag="411" ind1=" " ind2=" ">
    <subfield code="a">SOS</subfield>
    <subfield code="n">3</subfield>
  </datafield>
  <datafield tag="650" ind1="1" ind2="7">
    <subfield code="a">Math and Math Physics</subfield>
  </datafield>
  <datafield tag="650" ind1="1" ind2="7">
    <subfield code="a">Computing</subfield>
  </datafield>
  <datafield tag="711" ind1=" " ind2=" ">
    <subfield code="a">SOS2012</subfield>
  </datafield>
  <datafield tag="856" ind1="4" ind2=" ">
    <subfield code="u">https://indico.in2p3.fr/conferenceDisplay.py?confId=6315</subfield>
    <subfield code="y">indico</subfield>
  </datafield>
  <datafield tag="111" ind1=" " ind2=" ">
    <subfield code="a">IN2P3 School of Statistics</subfield>
    <subfield code="c">Autrans, France</subfield>
    <subfield code="e">SOS 2012</subfield>
    <subfield code="g">C12-05-28.3</subfield>
    <subfield code="x">2012-05-28</subfield>
    <subfield code="y">2012-06-01</subfield>
  </datafield>
</record>