
<record>
  <controlfield tag="001">1247304</controlfield>
  <controlfield tag="005">20140212142526.0</controlfield>
  <datafield tag="035" ind1=" " ind2=" ">
    <subfield code="9">INSPIRETeX</subfield>
    <subfield code="a">Delemontex:2013gda</subfield>
  </datafield>
  <datafield tag="100" ind1=" " ind2=" ">
    <subfield code="a">Delemontex, T.</subfield>
    <subfield code="e">ed.</subfield>
    <subfield code="w">T.Delemontex.2</subfield>
    <subfield code="y">0</subfield>
  </datafield>
  <datafield tag="245" ind1=" " ind2=" ">
    <subfield code="a">Proceedings, IN2P3 School of Statistics (SOS 2012)</subfield>
    <subfield code="b">Autrans, France, May 28-June 1, 2012</subfield>
  </datafield>
  <datafield tag="650" ind1="1" ind2="7">
    <subfield code="2">INSPIRE</subfield>
    <subfield code="a">Math and Math Physics</subfield>
  </datafield>
  <datafield tag="700" ind1=" " ind2=" ">
    <subfield code="a">Lucotte, Arnaud</subfield>
    <subfield code="e">ed.</subfield>
    <subfield code="w">A.Lucotte.1</subfield>
    <subfield code="y">1</subfield>
  </datafield>
  <datafield tag="773" ind1=" " ind2=" ">
    <subfield code="p">EPJ Web Conf.</subfield>
    <subfield code="v">55</subfield>
    <subfield code="w">C12-05-28.3</subfield>
    <subfield code="y">2013</subfield>
    <subfield code="2">1245372</subfield>
  </datafield>
  <datafield tag="856" ind1="4" ind2=" ">
    <subfield code="u">http://www.epj-conferences.org/index.php?option=com_toc&amp;url=/articles/epjconf/abs/2013/16/contents/contents.html</subfield>
    <subfield code="y">Server</subfield>
  </datafield>
  <datafield tag="909" ind1="C" ind2="O">
    <subfield code="o">oai:inspirehep.net:1247304</subfield>
    <subfield code="p">INSPIRE:HEP</subfield>
  </datafield>
  <datafield tag="961" ind1=" " ind2=" ">
    <subfield code="c">2013-08-12</subfield>
    <subfield code="x">2014-02-12</subfield>
  </datafield>
  <datafield tag="980" ind1=" " ind2=" ">
    <subfield code="a">HEP</subfield>
  </datafield>
  <datafield tag="980" ind1=" " ind2=" ">
    <subfield code="a">CORE</subfield>
  </datafield>
  <datafield tag="980" ind1=" " ind2=" ">
    <subfield code="a">PROCEEDINGS</subfield>
  </datafield>
</record>