
<record>
  <controlfield tag="001">984446</controlfield>
  <controlfield tag="005">20150923133020.0</controlfield>
  <datafield tag="035" ind1=" " ind2=" ">
    <subfield code="a">INSPIRE-00312898</subfield>
    <subfield code="9">INSPIRE</subfield>
  </datafield>
  <datafield tag="035" ind1=" " ind2=" ">
    <subfield code="a">CERN-439817</subfield>
    <subfield code="9">CERN</subfield>
  </datafield>
  <datafield tag="035" ind1=" " ind2=" ">
    <subfield code="a">A.Vorobyev.2</subfield>
    <subfield code="9">BAI</subfield>
  </datafield>
  <datafield tag="970" ind1=" " ind2=" ">
    <subfield code="a">HEPNAMES-28690</subfield>
  </datafield>
  <datafield tag="980" ind1=" " ind2=" ">
    <subfield code="a">HEPNAMES</subfield>
  </datafield>
  <datafield tag="980" ind1=" " ind2=" ">
    <subfield code="a">USEFUL</subfield>
  </datafield>
  <datafield tag="371" ind1=" " ind2=" ">
    <subfield code="m">alexei.vorobyev@cern.ch</subfield>
  </datafield>
  <datafield tag="693" ind1=" " ind2=" ">
    <subfield code="e">CERN-LHC-CMS</subfield>
    <subfield code="0">1108642</subfield>
  </datafield>
  <datafield tag="693" ind1=" " ind2=" ">
    <subfield code="e">CERN-LHC-LHCB</subfield>
    <subfield code="0">1110643</subfield>
  </datafield>
  <datafield tag="909" ind1="C" ind2="O">
    <subfield code="o">oai:inspirehep.net:984446</subfield>
    <subfield code="p">INSPIRE:HepNames</subfield>
  </datafield>
  <datafield tag="961" ind1=" " ind2=" ">
    <subfield code="c">1996-02-08</subfield>
    <subfield code="x">2015-04-02</subfield>
  </datafield>
  <datafield tag="100" ind1=" " ind2=" ">
    <subfield code="a">Vorobyev, Alexey</subfield>
    <subfield code="q">Alexey Vorobyev</subfield>
    <subfield code="g">ACTIVE</subfield>
  </datafield>
  <datafield tag="650" ind1="1" ind2="7">
    <subfield code="a">HEP-EX</subfield>
    <subfield code="2">INSPIRE</subfield>
  </datafield>
  <datafield tag="371" ind1=" " ind2=" ">
    <subfield code="a">St. Petersburg, INP</subfield>
    <subfield code="s"></subfield>
    <subfield code="t"></subfield>
    <subfield code="r"></subfield>
    <subfield code="z">902960</subfield>
  </datafield>
  <datafield tag="400" ind1=" " ind2=" ">
    <subfield code="a">Vorobiev, Alexei</subfield>
  </datafield>
</record>