
<record>
  <controlfield tag="001">1108541</controlfield>
  <controlfield tag="005">20150323142721.0</controlfield>
  <datafield tag="046" ind1=" " ind2=" ">
    <subfield code="q">12/--/94</subfield>
  </datafield>
  <datafield tag="046" ind1=" " ind2=" ">
    <subfield code="r">1996-01-31</subfield>
  </datafield>
  <datafield tag="046" ind1=" " ind2=" ">
    <subfield code="t">9999</subfield>
  </datafield>
  <datafield tag="046" ind1=" " ind2=" ">
    <subfield code="x">yes</subfield>
  </datafield>
  <datafield tag="119" ind1=" " ind2=" ">
    <subfield code="a">CERN-LHC-ATLAS</subfield>
    <subfield code="u">CERN</subfield>
  </datafield>
  <datafield tag="245" ind1=" " ind2=" ">
    <subfield code="a">ATLAS</subfield>
  </datafield>
  <datafield tag="270" ind1=" " ind2=" ">
    <subfield code="m">fabiola.gianotti@cern.ch</subfield>
  </datafield>
  <datafield tag="372" ind1=" " ind2=" ">
    <subfield code="a">LHC experiments</subfield>
  </datafield>
  <datafield tag="419" ind1=" " ind2=" ">
    <subfield code="a">ATLAS</subfield>
  </datafield>
  <datafield tag="419" ind1=" " ind2=" ">
    <subfield code="a">CERN-ATLAS</subfield>
  </datafield>
  <datafield tag="520" ind1=" " ind2=" ">
    <subfield code="a">ATLAS is a particle physics experiment at the Large Hadron Collider at CERN. The ATLAS detector is searching for new discoveries in the head-on collisions of protons of extraordinarily high energy. ATLAS will learn about the basic forces that have shaped our Universe since the beginning of time and that will determine its fate. Among the possible unknowns are the origin of mass, extra dimensions of space, unification of fundamental forces, and evidence for dark matter candidates in the Universe. The 3000 physicists in ATLAS come from more than 174 universities and laboratories and include 1000 students.</subfield>
  </datafield>
  <datafield tag="653" ind1="1" ind2=" ">
    <subfield code="a">A Toroidal LHC Apparatus</subfield>
  </datafield>
  <datafield tag="700" ind1=" " ind2=" ">
    <subfield code="a">Simonyan, M.</subfield>
    <subfield code="a">Reymers, A.</subfield>
    <subfield code="a">Hakopian, H.</subfield>
    <subfield code="u">Yerevan Phys. Inst.</subfield>
  </datafield>
  <datafield tag="700" ind1=" " ind2=" ">
    <subfield code="a">Tovey, S.N.</subfield>
    <subfield code="a">Taylor, G.N.</subfield>
    <subfield code="a">Sevior, M.E.</subfield>
    <subfield code="a">Moorhead, G.F.</subfield>
    <subfield code="a">Kazi, S.</subfield>
    <subfield code="a">Bright, G.</subfield>
    <subfield code="a">Barberio, E.</subfield>
    <subfield code="a">Atkinson, T.</subfield>
    <subfield code="u">Melbourne U.</subfield>
  </datafield>
  <datafield tag="700" ind1=" " ind2=" ">
    <subfield code="a">Varvell, K.E.</subfield>
    <subfield code="a">Peak, L.S.</subfield>
    <subfield code="u">Sydney U.</subfield>
  </datafield>
  <datafield tag="700" ind1=" " ind2=" ">
    <subfield code="a">Rudolph, G.</subfield>
    <subfield code="a">Kuhn, D.</subfield>
    <subfield code="a">Kneringer, E.</subfield>
    <subfield code="a">Girtler, P.</subfield>
    <subfield code="a">Ghete, V.M.</subfield>
    <subfield code="a">Epp, B.</subfield>
    <subfield code="u">Innsbruck U.</subfield>
  </datafield>
  <datafield tag="700" ind1=" " ind2=" ">
    <subfield code="a">Usubov, Z.U.</subfield>
    <subfield code="a">Rustamov, A.</subfield>
    <subfield code="a">Javadov, N.A.</subfield>
    <subfield code="a">Aliyev, R.M.</subfield>
    <subfield code="a">Aliyev, F.M.</subfield>
    <subfield code="a">Abdinov, O.B.</subfield>
    <subfield code="u">Baku, Inst. Phys.</subfield>
  </datafield>
  <datafield tag="700" ind1=" " ind2=" ">
    <subfield code="a">Starovoytov, P.</subfield>
    <subfield code="a">Shevtsov, V.</subfield>
    <subfield code="a">Rumiantsau, V.</subfield>
    <subfield code="a">Kuzhir, P.</subfield>
    <subfield code="u">Minsk, High Energy Phys. Ctr.</subfield>
  </datafield>
  <datafield tag="700" ind1=" " ind2=" ">
    <subfield code="a">Satsunkevich, I.S.</subfield>
    <subfield code="a">Kuzmin, M.V.</subfield>
    <subfield code="a">Kulchitsky, Y.</subfield>
    <subfield code="a">Bogush, A.A.</subfield>
    <subfield code="u">Minsk, Inst. Phys.</subfield>
  </datafield>
  <datafield tag="700" ind1=" " ind2=" ">
    <subfield code="a">Vale, M.A.B.</subfield>
    <subfield code="a">Seixas, J.M.</subfield>
    <subfield code="a">Marroquim, F.</subfield>
    <subfield code="a">Maidantchik, C.L.</subfield>
    <subfield code="a">Magacho, P.V.</subfield>
    <subfield code="a">Lima, H.P.</subfield>
    <subfield code="a">Gesualdi, A.</subfield>
    <subfield code="a">Caloba, L.P.</subfield>
    <subfield code="a">Asevedo, A.</subfield>
    <subfield code="a">Anjos, A.Dos</subfield>
    <subfield code="u">Rio de Janeiro Rural U.</subfield>
  </datafield>
  <datafield tag="700" ind1=" " ind2=" ">
    <subfield code="a">Wheeler, S.</subfield>
    <subfield code="a">Vincter, M.G.</subfield>
    <subfield code="a">Ting, W.-Y.</subfield>
    <subfield code="a">Soukup, J.</subfield>
    <subfield code="a">Soluk, R.</subfield>
    <subfield code="a">Pinfold, J.L.</subfield>
    <subfield code="a">Moore, R.</subfield>
    <subfield code="a">McDonald, W.J.</subfield>
    <subfield code="a">Liu, S.</subfield>
    <subfield code="a">Jong, J.de</subfield>
    <subfield code="a">Hamilton, A.</subfield>
    <subfield code="a">Gingrich, D.M.</subfield>
    <subfield code="a">Chen, L.</subfield>
    <subfield code="a">Caron, B.</subfield>
    <subfield code="a">Archambault, J.-P.</subfield>
    <subfield code="u">Alberta U.</subfield>
  </datafield>
  <datafield tag="700" ind1=" " ind2=" ">
    <subfield code="a">Axen, D.</subfield>
    <subfield code="u">British Columbia U.</subfield>
  </datafield>
  <datafield tag="700" ind1=" " ind2=" ">
    <subfield code="a">Schram, M.</subfield>
    <subfield code="a">Oakham, G.</subfield>
    <subfield code="a">Dixit, M.</subfield>
    <subfield code="u">Carleton U.</subfield>
  </datafield>
  <datafield tag="700" ind1=" " ind2=" ">
    <subfield code="a">Mehdiyev, R.</subfield>
    <subfield code="a">Martin, J.-P.</subfield>
    <subfield code="a">Leroy, C.</subfield>
    <subfield code="a">Lebel, C.</subfield>
    <subfield code="a">Genest, M.-H.</subfield>
    <subfield code="a">Beauchemin, P.-H.</subfield>
    <subfield code="a">Azuelos, G.</subfield>
    <subfield code="u">Montreal U.</subfield>
  </datafield>
  <datafield tag="700" ind1=" " ind2=" ">
    <subfield code="a">Vetterli, M.</subfield>
    <subfield code="a">O'Neil, D.</subfield>
    <subfield code="u">Simon Fraser U.</subfield>
  </datafield>
  <datafield tag="700" ind1=" " ind2=" ">
    <subfield code="a">Trischuk, W.</subfield>
    <subfield code="a">Sinervo, P.K.</subfield>
    <subfield code="a">Orr, R.S.</subfield>
    <subfield code="a">Mazini, R.</subfield>
    <subfield code="a">Martens, F.K.</subfield>
    <subfield code="a">Krieger, P.</subfield>
    <subfield code="a">Cadabeschi, M.</subfield>
    <subfield code="a">Bailey, D.C.</subfield>
    <subfield code="u">Toronto U.</subfield>
  </datafield>
  <datafield tag="700" ind1=" " ind2=" ">
    <subfield code="a">Oram, C.</subfield>
    <subfield code="a">Losty, M.</subfield>
    <subfield code="a">Langstaff, R.</subfield>
    <subfield code="u">TRIUMF</subfield>
  </datafield>
  <datafield tag="700" ind1=" " ind2=" ">
    <subfield code="a">Starke, T.</subfield>
    <subfield code="a">Sobie, R.</subfield>
    <subfield code="a">Poffenberger, P.</subfield>
    <subfield code="a">McPherson, R.</subfield>
    <subfield code="a">Lefebvre, M.</subfield>
    <subfield code="a">Keeler, R.</subfield>
    <subfield code="a">Kanaya, N.</subfield>
    <subfield code="a">Ince, T.</subfield>
    <subfield code="a">Fincke-Keeler, M.</subfield>
    <subfield code="a">Astbury, A.</subfield>
    <subfield code="u">Victoria U.</subfield>
  </datafield>
  <datafield tag="700" ind1=" " ind2=" ">
    <subfield code="a">Wotschack, J.</subfield>
    <subfield code="a">Wilkens, H.</subfield>
    <subfield code="a">Werner, P.</subfield>
    <subfield code="a">Wengler, T.</subfield>
    <subfield code="a">Wells, P.</subfield>
    <subfield code="a">Vuillermet, R.</subfield>
    <subfield code="a">Voss, R.</subfield>
    <subfield code="a">Tyrvainen, H.</subfield>
    <subfield code="a">Trigger, I.</subfield>
    <subfield code="a">Tremblet, L.</subfield>
    <subfield code="a">Tappern, G.</subfield>
    <subfield code="a">Szeless, B.</subfield>
    <subfield code="a">Stelzer, Joerg</subfield>
    <subfield code="a">Spiwoks, R.D.</subfield>
    <subfield code="a">Spigo, G.</subfield>
    <subfield code="a">Schuler, G.</subfield>
    <subfield code="a">Schuh, S.</subfield>
    <subfield code="a">Schmid, P.</subfield>
    <subfield code="a">Sbrissa, E.</subfield>
    <subfield code="a">Cardiel Sas, L.</subfield>
    <subfield code="a">Ruber, R.</subfield>
    <subfield code="a">Rosati, S.</subfield>
    <subfield code="a">Romaniouk, A.</subfield>
    <subfield code="a">Roe, S.</subfield>
    <subfield code="a">Varela Rodriguez, F.</subfield>
    <subfield code="a">Rembser, C.</subfield>
    <subfield code="a">Miele, R.A.</subfield>
    <subfield code="a">Price, M.</subfield>
    <subfield code="a">Poulard, G.</subfield>
    <subfield code="a">Poppleton, A.</subfield>
    <subfield code="a">Pommes, K.</subfield>
    <subfield code="a">Placci, A.</subfield>
    <subfield code="a">Petti, R.</subfield>
    <subfield code="a">Petersen, J.</subfield>
    <subfield code="a">Pernegger, H.</subfield>
    <subfield code="a">Passardi, G.</subfield>
    <subfield code="a">Parkman, C.</subfield>
    <subfield code="a">Palestini, S.</subfield>
    <subfield code="a">Pailler, P.</subfield>
    <subfield code="a">Nyman, T.</subfield>
    <subfield code="a">Nordberg, M.</subfield>
    <subfield code="a">Niinikoski, T.</subfield>
    <subfield code="a">Nessi, M.</subfield>
    <subfield code="a">Nairz, A.</subfield>
    <subfield code="a">Moyse, E.</subfield>
    <subfield code="a">Mornacchi, G.</subfield>
    <subfield code="a">Mladenov, D.</subfield>
    <subfield code="a">Mitsou, V.</subfield>
    <subfield code="a">McLaren, P.</subfield>
    <subfield code="a">Martin, F.F.</subfield>
    <subfield code="a">Martin, B.</subfield>
    <subfield code="a">Marchesotti, M.</subfield>
    <subfield code="a">Mapelli, L.</subfield>
    <subfield code="a">Mair, K.</subfield>
    <subfield code="a">Maeno, T.</subfield>
    <subfield code="a">Liko, D.</subfield>
    <subfield code="a">Lichard, Peter, Jr.</subfield>
    <subfield code="a">Lehmann, G.</subfield>
    <subfield code="a">Lasseur, C.</subfield>
    <subfield code="a">Lampl, W.</subfield>
    <subfield code="a">Lacour, D.</subfield>
    <subfield code="a">Kubischta, W.</subfield>
    <subfield code="a">Kruger, K.</subfield>
    <subfield code="a">Kotamaki, M.J.</subfield>
    <subfield code="a">Klioutchnikova, T.</subfield>
    <subfield code="a">Kaplon, J.</subfield>
    <subfield code="a">Jonsson, O.</subfield>
    <subfield code="a">Jenni, P.</subfield>
    <subfield code="a">Jarron, P.</subfield>
    <subfield code="a">Inigo-Golfin, J.</subfield>
    <subfield code="a">Hott, T.</subfield>
    <subfield code="a">Hooton, I.</subfield>
    <subfield code="a">Hervas, L.</subfield>
    <subfield code="a">Hawkings, R.J.</subfield>
    <subfield code="a">Haug, F.</subfield>
    <subfield code="a">Hatch, M.</subfield>
    <subfield code="a">Hallgren, B.</subfield>
    <subfield code="a">Haas, S.</subfield>
    <subfield code="a">Gruwe, M.</subfield>
    <subfield code="a">Grothe, M.</subfield>
    <subfield code="a">Grognuz, J.</subfield>
    <subfield code="a">Grafstrom, P.</subfield>
    <subfield code="a">Gorski, B.T.</subfield>
    <subfield code="a">Gorini, B.</subfield>
    <subfield code="a">Goossens, L.</subfield>
    <subfield code="a">Gonidec, A.</subfield>
    <subfield code="a">Diaz Gomez, M.M.</subfield>
    <subfield code="a">Golonka, P.J.</subfield>
    <subfield code="a">Godlewski, J.</subfield>
    <subfield code="a">Di Girolamo, B.</subfield>
    <subfield code="a">Gianotti, F.</subfield>
    <subfield code="a">Capeans Garrido, M.</subfield>
    <subfield code="a">Froidevaux, D.</subfield>
    <subfield code="a">Fratianni, S.</subfield>
    <subfield code="a">Francis, D.</subfield>
    <subfield code="a">Foussat, A.</subfield>
    <subfield code="a">Flammer, J.</subfield>
    <subfield code="a">Ferrari, P.</subfield>
    <subfield code="a">Fassnacht, P.</subfield>
    <subfield code="a">Farthouat, P.</subfield>
    <subfield code="a">Elsing, M.</subfield>
    <subfield code="a">Ellis, N.</subfield>
    <subfield code="a">Dydak, F.</subfield>
    <subfield code="a">Dudarev, A.</subfield>
    <subfield code="a">Dobson, M.</subfield>
    <subfield code="a">Dobinson, R.</subfield>
    <subfield code="a">Dittus, F.</subfield>
    <subfield code="a">Dell'Acqua, A.</subfield>
    <subfield code="a">Danielsson, H.</subfield>
    <subfield code="a">Cwetanski, P.</subfield>
    <subfield code="a">Henriques Correia, A.M.</subfield>
    <subfield code="a">Cook, J.</subfield>
    <subfield code="a">Cirilli, M.</subfield>
    <subfield code="a">Chouridou, S.</subfield>
    <subfield code="a">Catinaccio, A.</subfield>
    <subfield code="a">Casado-Lechuga, M.P.</subfield>
    <subfield code="a">Carli, T.</subfield>
    <subfield code="a">Butin, F.</subfield>
    <subfield code="a">Burckhart, H.J.</subfield>
    <subfield code="a">Burckhart, D.</subfield>
    <subfield code="a">Bremer, J.</subfield>
    <subfield code="a">Bosteels, M.</subfield>
    <subfield code="a">Boisvert, V.</subfield>
    <subfield code="a">Bogaerts, J.A.</subfield>
    <subfield code="a">Benincasa, G.</subfield>
    <subfield code="a">Benekos, N.</subfield>
    <subfield code="a">Beltramello, O.</subfield>
    <subfield code="a">Armstrong, S.</subfield>
    <subfield code="a">Padilla Aranda, C.</subfield>
    <subfield code="a">Anghinolfi, F.</subfield>
    <subfield code="a">Amelung, C.</subfield>
    <subfield code="a">Amaral, P.</subfield>
    <subfield code="a">Aleksa, M.</subfield>
    <subfield code="a">kate, H.Ten</subfield>
    <subfield code="u">CERN</subfield>
    <subfield code="z">902725</subfield>
  </datafield>
  <datafield tag="700" ind1=" " ind2=" ">
    <subfield code="a">Zhuang, X.A.</subfield>
    <subfield code="a">Zhu, C.G.</subfield>
    <subfield code="a">Zheng, S.C.</subfield>
    <subfield code="a">Zhang, X.Y.</subfield>
    <subfield code="a">Yu, X.Q.</subfield>
    <subfield code="a">Yang, Y.</subfield>
    <subfield code="a">Yan, Z.</subfield>
    <subfield code="a">Xu, G.F.</subfield>
    <subfield code="a">Xie, Y.G.</subfield>
    <subfield code="a">Tong, G.L.</subfield>
    <subfield code="a">Sun, Y.S.</subfield>
    <subfield code="a">Qi, M.</subfield>
    <subfield code="a">Ping, J.L.</subfield>
    <subfield code="a">Ouyang, Q.</subfield>
    <subfield code="a">Ma, J.M.</subfield>
    <subfield code="a">Jin, S.</subfield>
    <subfield code="a">Jin, G.</subfield>
    <subfield code="a">He, M.</subfield>
    <subfield code="a">Han, H.G.</subfield>
    <subfield code="a">Feng, C.F.</subfield>
    <subfield code="a">Cheng, S.C.</subfield>
    <subfield code="a">Chen, T.-Y.</subfield>
    <subfield code="u">Beijing, Inst. Phys.</subfield>
  </datafield>
  <datafield tag="700" ind1=" " ind2=" ">
    <subfield code="a">Vrba, V.</subfield>
    <subfield code="a">Valenta, J.</subfield>
    <subfield code="a">Tomasek, M.</subfield>
    <subfield code="a">Tomasek, L.</subfield>
    <subfield code="a">Stastny, J.</subfield>
    <subfield code="a">Simak, V.</subfield>
    <subfield code="a">Sicho, P.</subfield>
    <subfield code="a">Nemecek, S.</subfield>
    <subfield code="a">Mikestikova, M.</subfield>
    <subfield code="a">Lokajicek, M.</subfield>
    <subfield code="a">Homola, P.</subfield>
    <subfield code="a">Bohm, J.</subfield>
    <subfield code="u">Prague, Inst. Phys.</subfield>
  </datafield>
  <datafield tag="700" ind1=" " ind2=" ">
    <subfield code="a">Wilhelm, I.</subfield>
    <subfield code="a">Valkar, S.</subfield>
    <subfield code="a">Tas, P.</subfield>
    <subfield code="a">Suk, M.</subfield>
    <subfield code="a">Reznicek, P.</subfield>
    <subfield code="a">Leitner, R.</subfield>
    <subfield code="a">Kodys, P.</subfield>
    <subfield code="a">Dolezal, Z.</subfield>
    <subfield code="a">Dolejsi, J.</subfield>
    <subfield code="a">Broklova, Z.</subfield>
    <subfield code="u">Charles U.</subfield>
  </datafield>
  <datafield tag="700" ind1=" " ind2=" ">
    <subfield code="a">Vacek, V.</subfield>
    <subfield code="a">Turek, J.</subfield>
    <subfield code="a">Stekl, I.</subfield>
    <subfield code="a">Sopko, B.</subfield>
    <subfield code="a">Solar, M.</subfield>
    <subfield code="a">Sodomka, J.</subfield>
    <subfield code="a">Smolek, K.</subfield>
    <subfield code="a">Sinor, M.</subfield>
    <subfield code="a">Ryparova, E.</subfield>
    <subfield code="a">Pospisil, S.</subfield>
    <subfield code="a">Palla, J.</subfield>
    <subfield code="a">Otec, R.</subfield>
    <subfield code="a">Linhart, V.</subfield>
    <subfield code="a">Konicek, J.</subfield>
    <subfield code="a">Kohout, Z.</subfield>
    <subfield code="a">Jakubek, J.</subfield>
    <subfield code="a">Horazdovsky, T.</subfield>
    <subfield code="a">Chren, D.</subfield>
    <subfield code="a">Cermak, P.</subfield>
    <subfield code="a">Benes, J.</subfield>
    <subfield code="a">Bedajanek, I.</subfield>
    <subfield code="u">Prague, Tech. U.</subfield>
  </datafield>
  <datafield tag="700" ind1=" " ind2=" ">
    <subfield code="a">Waananen, A.</subfield>
    <subfield code="a">Nilsson, B.S.</subfield>
    <subfield code="a">Nielsen, J.</subfield>
    <subfield code="a">Muresan, R.</subfield>
    <subfield code="a">Lytken, E.</subfield>
    <subfield code="a">Kraan, A.C.</subfield>
    <subfield code="a">Hansen, P.</subfield>
    <subfield code="a">Hansen, J.R.</subfield>
    <subfield code="a">Hansen, J.D.</subfield>
    <subfield code="a">Dam, M.</subfield>
    <subfield code="u">Bohr Inst.</subfield>
  </datafield>
  <datafield tag="700" ind1=" " ind2=" ">
    <subfield code="a">Wingerter-Seez, I.</subfield>
    <subfield code="a">Tarrade, F.</subfield>
    <subfield code="a">Sauvage, G.</subfield>
    <subfield code="a">Przysiezniak, H.</subfield>
    <subfield code="a">Prieur, D.</subfield>
    <subfield code="a">Poggioli, L.</subfield>
    <subfield code="a">Perrodo, P.</subfield>
    <subfield code="a">Massol, N.</subfield>
    <subfield code="a">Lafaye, R.</subfield>
    <subfield code="a">Jeremie, A.</subfield>
    <subfield code="a">Ionescu, G.</subfield>
    <subfield code="a">Ghez, P.</subfield>
    <subfield code="a">Gaumer, O.</subfield>
    <subfield code="a">Colas, J.</subfield>
    <subfield code="a">Ciaccio, L.Di</subfield>
    <subfield code="a">Blaising, J.-J.</subfield>
    <subfield code="a">Aubert, B.</subfield>
    <subfield code="u">Annecy, LAPP</subfield>
  </datafield>
  <datafield tag="700" ind1=" " ind2=" ">
    <subfield code="a">Vazeille, F.</subfield>
    <subfield code="a">Says, L.-P.</subfield>
    <subfield code="a">Santoni, C.</subfield>
    <subfield code="a">Podlyski, F.</subfield>
    <subfield code="a">Pallin, D.</subfield>
    <subfield code="a">Montarou, G.</subfield>
    <subfield code="a">Guicheney, C.</subfield>
    <subfield code="a">Gris, P.</subfield>
    <subfield code="a">Garde, V.</subfield>
    <subfield code="a">Calvet, D.</subfield>
    <subfield code="a">Binet, S.</subfield>
    <subfield code="u">Clermont-Ferrand U.</subfield>
  </datafield>
  <datafield tag="700" ind1=" " ind2=" ">
    <subfield code="a">Wielers, M.</subfield>
    <subfield code="a">Viret, S.</subfield>
    <subfield code="a">Saboumazrag, S.</subfield>
    <subfield code="a">Martin, P.</subfield>
    <subfield code="a">Ledroit, F.</subfield>
    <subfield code="a">Hostachy, J.-Y.</subfield>
    <subfield code="a">Gallin-Martel, M.-L.</subfield>
    <subfield code="a">Malek, Fairouz</subfield>
    <subfield code="a">Dzahini, D.</subfield>
    <subfield code="a">Collot, J.</subfield>
    <subfield code="a">Albrand, S.</subfield>
    <subfield code="u">Grenoble U.</subfield>
  </datafield>
  <datafield tag="700" ind1=" " ind2=" ">
    <subfield code="a">Touchard, F.</subfield>
    <subfield code="a">Tisserand, S.</subfield>
    <subfield code="a">Tilquin, A.</subfield>
    <subfield code="a">Serfon, C.</subfield>
    <subfield code="a">Rozanov, A.</subfield>
    <subfield code="a">de Vivie de Regie, J.-B.</subfield>
    <subfield code="a">Qian, Z.</subfield>
    <subfield code="a">Pralavorio, P.</subfield>
    <subfield code="a">Monnier, E.</subfield>
    <subfield code="a">Leveque, J.</subfield>
    <subfield code="a">Kostioukhine, V.</subfield>
    <subfield code="a">Hubaut, F.</subfield>
    <subfield code="a">Henry-Couannier, F.</subfield>
    <subfield code="a">Fouchez, D.</subfield>
    <subfield code="a">Etienne, F.</subfield>
    <subfield code="a">Djama, F.</subfield>
    <subfield code="a">Delpierre, P.</subfield>
    <subfield code="a">Correard, S.</subfield>
    <subfield code="a">Clemens, J.-C.</subfield>
    <subfield code="a">Cerna, C.</subfield>
    <subfield code="a">Bonnissent, A.</subfield>
    <subfield code="a">Bernardet, K.</subfield>
    <subfield code="a">Benchouk, C.</subfield>
    <subfield code="a">Bee, C.</subfield>
    <subfield code="u">Marseille, CPPM</subfield>
  </datafield>
  <datafield tag="700" ind1=" " ind2=" ">
    <subfield code="a">Zerwas, D.</subfield>
    <subfield code="a">Wicek, F.</subfield>
    <subfield code="a">Veillet, J.-J.</subfield>
    <subfield code="a">Unal, G.</subfield>
    <subfield code="a">De la Taille, C.</subfield>
    <subfield code="a">Serin, L.</subfield>
    <subfield code="a">Schaffer, A.C.</subfield>
    <subfield code="a">Sacco, R.</subfield>
    <subfield code="a">Rousseau, D.</subfield>
    <subfield code="a">Puzo, P.</subfield>
    <subfield code="a">Perus, A.</subfield>
    <subfield code="a">Parrour, G.</subfield>
    <subfield code="a">Lechowski, M.</subfield>
    <subfield code="a">Iconomidou, L.</subfield>
    <subfield code="a">Hrivnack, J.</subfield>
    <subfield code="a">Graziani, G.</subfield>
    <subfield code="a">Fournier, D.</subfield>
    <subfield code="a">Fayard, L.</subfield>
    <subfield code="a">Bourdarios, C.</subfield>
    <subfield code="a">Auge, E.</subfield>
    <subfield code="a">Arnault, C.</subfield>
    <subfield code="u">Orsay, LAL</subfield>
  </datafield>
  <datafield tag="700" ind1=" " ind2=" ">
    <subfield code="a">Schwemling, Ph.</subfield>
    <subfield code="a">Ridel, M.</subfield>
    <subfield code="a">Nikolic-Audit, I.</subfield>
    <subfield code="a">Laforge, B.</subfield>
    <subfield code="a">Krasny, M.</subfield>
    <subfield code="a">Ferrag, S.</subfield>
    <subfield code="a">Escalier, M.</subfield>
    <subfield code="a">Derue, F.</subfield>
    <subfield code="a">Camard, A.</subfield>
    <subfield code="u">Paris U., VI-VII</subfield>
  </datafield>
  <datafield tag="700" ind1=" " ind2=" ">
    <subfield code="a">Zaccone, H.</subfield>
    <subfield code="a">Virchaux, M.</subfield>
    <subfield code="a">Thooris, B.</subfield>
    <subfield code="a">Schwindling, J.</subfield>
    <subfield code="a">Schune, Ph.</subfield>
    <subfield code="a">Schuller, J.-P.</subfield>
    <subfield code="a">Ponsot, P.</subfield>
    <subfield code="a">Pomarede, D.</subfield>
    <subfield code="a">Nikolaidou, R.</subfield>
    <subfield code="a">Meyer, J.-P.</subfield>
    <subfield code="a">Mansoulie, B.</subfield>
    <subfield code="a">Laporte, J.F.</subfield>
    <subfield code="a">Lancon, E.</subfield>
    <subfield code="a">Kerschen, N.</subfield>
    <subfield code="a">Hassani, S.</subfield>
    <subfield code="a">Hansl-Kozanecka, T.</subfield>
    <subfield code="a">Guyot, C.</subfield>
    <subfield code="a">Formica, A.</subfield>
    <subfield code="a">Etienvre, A.I.</subfield>
    <subfield code="a">Ernwein, J.</subfield>
    <subfield code="a">Durand, D.</subfield>
    <subfield code="a">Chevalier, M.</subfield>
    <subfield code="a">Chalifour, M.</subfield>
    <subfield code="a">Broise, X.De la</subfield>
    <subfield code="a">Boonekamp, M.</subfield>
    <subfield code="a">Besson, N.</subfield>
    <subfield code="a">Bauer, F.</subfield>
    <subfield code="u">DAPNIA, Saclay</subfield>
  </datafield>
  <datafield tag="700" ind1=" " ind2=" ">
    <subfield code="a">Tskhadadze, E.</subfield>
    <subfield code="a">Tavkhelidze, A.</subfield>
    <subfield code="a">Khubua, J.</subfield>
    <subfield code="a">Grigalashvili, T.</subfield>
    <subfield code="a">Grigalashvili, N.</subfield>
    <subfield code="a">Djobava, T.</subfield>
    <subfield code="a">Chikovani, L.</subfield>
    <subfield code="u">Tbilisi, Inst. Phys.</subfield>
  </datafield>
  <datafield tag="700" ind1=" " ind2=" ">
    <subfield code="a">Wermes, N.</subfield>
    <subfield code="a">Stockmanns, T.</subfield>
    <subfield code="a">Schumacher, M.</subfield>
    <subfield code="a">Runolfsson, O.</subfield>
    <subfield code="a">Quadt, A.</subfield>
    <subfield code="a">Pleier, Marc-Andre</subfield>
    <subfield code="a">Peric, I.</subfield>
    <subfield code="a">Ockenfels, W.</subfield>
    <subfield code="a">Nesvadba, N.</subfield>
    <subfield code="a">Martinez, G.</subfield>
    <subfield code="a">Kokott, T.</subfield>
    <subfield code="a">Kohrs, R.</subfield>
    <subfield code="a">Huegging, F.</subfield>
    <subfield code="a">Gross, S.</subfield>
    <subfield code="a">Geich-Gimbel, C.</subfield>
    <subfield code="a">Fischer, P.</subfield>
    <subfield code="a">Eyring, W.</subfield>
    <subfield code="a">Engelbertz, A.</subfield>
    <subfield code="a">Dietsche, W.</subfield>
    <subfield code="a">Comes, G.</subfield>
    <subfield code="a">Cammin, J.</subfield>
    <subfield code="u">Bonn U.</subfield>
  </datafield>
  <datafield tag="700" ind1=" " ind2=" ">
    <subfield code="a">Wunstorf, R.</subfield>
    <subfield code="a">Mas, M.</subfield>
    <subfield code="a">Luke, D.</subfield>
    <subfield code="a">Kudlaty, J.</subfield>
    <subfield code="a">Krasel, O.</subfield>
    <subfield code="a">Klingenberg, R.</subfield>
    <subfield code="a">Klaiber-Lodewigs, J.M.</subfield>
    <subfield code="a">Gossling, C.</subfield>
    <subfield code="u">Dortmund U.</subfield>
  </datafield>
  <datafield tag="700" ind1=" " ind2=" ">
    <subfield code="a">Warsinsky, M.</subfield>
    <subfield code="a">Schwierz, R.</subfield>
    <subfield code="a">Schumacher, J.</subfield>
    <subfield code="a">Schaarschmidt, J.</subfield>
    <subfield code="a">Mader, W.</subfield>
    <subfield code="a">Ludwig, A.</subfield>
    <subfield code="a">Kobel, M.</subfield>
    <subfield code="a">Goepfert, T.</subfield>
    <subfield code="u">Dresden, Tech. U.</subfield>
  </datafield>
  <datafield tag="700" ind1=" " ind2=" ">
    <subfield code="a">Zimmermann, S.</subfield>
    <subfield code="a">Tobias, J.</subfield>
    <subfield code="a">Titov, M.</subfield>
    <subfield code="a">Schroff, D.</subfield>
    <subfield code="a">Pfeifer, B.</subfield>
    <subfield code="a">Mohr, W.</subfield>
    <subfield code="a">Meinhardt, J.</subfield>
    <subfield code="a">Maasen, M.</subfield>
    <subfield code="a">Ludwig, J.</subfield>
    <subfield code="a">Landgraf, U.</subfield>
    <subfield code="a">Kramer, A.</subfield>
    <subfield code="a">Kononov, A.</subfield>
    <subfield code="a">Kollefrath, M.</subfield>
    <subfield code="a">Koenig, S.</subfield>
    <subfield code="a">Ketterer, C.</subfield>
    <subfield code="a">Joos, D.</subfield>
    <subfield code="a">Jakobs, K.</subfield>
    <subfield code="a">Herten, G.</subfield>
    <subfield code="a">Heldmann, M.</subfield>
    <subfield code="a">Fleck, I.</subfield>
    <subfield code="a">Feld, L.</subfield>
    <subfield code="a">Eckert, S.</subfield>
    <subfield code="a">Duehrssen, M.</subfield>
    <subfield code="a">Dahlhoff, A.</subfield>
    <subfield code="a">Carpentieri, C.</subfield>
    <subfield code="a">Buszello, C.</subfield>
    <subfield code="a">Baranov, S.</subfield>
    <subfield code="a">Ahmad, A.</subfield>
    <subfield code="u">Freiburg U.</subfield>
  </datafield>
  <datafield tag="700" ind1=" " ind2=" ">
    <subfield code="a">Tittel, K.</subfield>
    <subfield code="a">Schmitt, K.</subfield>
    <subfield code="a">Meshkov, P.</subfield>
    <subfield code="a">Meier, K.</subfield>
    <subfield code="a">Mahboubi, K.</subfield>
    <subfield code="a">Kluge, E.-E.</subfield>
    <subfield code="a">Hanke, P.</subfield>
    <subfield code="a">Geweniger, C.</subfield>
    <subfield code="a">Achenbach, R.</subfield>
    <subfield code="u">Kirchhoff Inst. Phys.</subfield>
  </datafield>
  <datafield tag="700" ind1=" " ind2=" ">
    <subfield code="a">Zeitnitz, C.</subfield>
    <subfield code="a">Wasen, J.van</subfield>
    <subfield code="a">Trefzger, T.</subfield>
    <subfield code="a">Schaefer, U.</subfield>
    <subfield code="a">Sander, H.G.</subfield>
    <subfield code="a">Renk, B.</subfield>
    <subfield code="a">Othegraven, R.</subfield>
    <subfield code="a">Mahboubi, K.</subfield>
    <subfield code="a">Koepke, L.</subfield>
    <subfield code="a">Kleinknecht, K.</subfield>
    <subfield code="a">Geib, K.-H.</subfield>
    <subfield code="a">Blum, W.</subfield>
    <subfield code="a">Bauss, B.</subfield>
    <subfield code="a">Ay, C.</subfield>
    <subfield code="u">Mainz U., Inst. Phys.</subfield>
  </datafield>
  <datafield tag="700" ind1=" " ind2=" ">
    <subfield code="a">Singpiel, H.</subfield>
    <subfield code="a">Simmler, H.</subfield>
    <subfield code="a">Sessler, M.</subfield>
    <subfield code="a">Mueller, M.</subfield>
    <subfield code="a">Maenner, R.</subfield>
    <subfield code="a">Kugel, A.</subfield>
    <subfield code="a">Khomich, A.</subfield>
    <subfield code="a">Hinkelbein, C.</subfield>
    <subfield code="u">Mannheim U.</subfield>
  </datafield>
  <datafield tag="700" ind1=" " ind2=" ">
    <subfield code="a">Stroehmer, R.</subfield>
    <subfield code="a">Steffens, H.</subfield>
    <subfield code="a">Staude, A.</subfield>
    <subfield code="a">Schieferdecker, P.</subfield>
    <subfield code="a">Schaile, D.</subfield>
    <subfield code="a">Rauscher, F.</subfield>
    <subfield code="a">Nunnemann, T.</subfield>
    <subfield code="a">Hertenberger, R.</subfield>
    <subfield code="a">Fiedler, F.</subfield>
    <subfield code="a">Elmsheuser, J.</subfield>
    <subfield code="a">Duckeck, G.</subfield>
    <subfield code="a">Dubbert, J.</subfield>
    <subfield code="a">Christiansen, T.</subfield>
    <subfield code="a">Brandt, A.</subfield>
    <subfield code="a">Boutemeur, M.</subfield>
    <subfield code="a">Binder, M.</subfield>
    <subfield code="a">Biebel, O.</subfield>
    <subfield code="u">Munich U.</subfield>
  </datafield>
  <datafield tag="700" ind1=" " ind2=" ">
    <subfield code="a">Toennesmann, M.</subfield>
    <subfield code="a">Schieck, J.</subfield>
    <subfield code="a">Schacht, P.</subfield>
    <subfield code="a">Salihagic, D.</subfield>
    <subfield code="a">Richter, R.H.</subfield>
    <subfield code="a">Richter, R.</subfield>
    <subfield code="a">Oberlack, R.</subfield>
    <subfield code="a">Nisius, Richard</subfield>
    <subfield code="a">Nisius, H.</subfield>
    <subfield code="a">Moser, H.-G.</subfield>
    <subfield code="a">Mohrdieck, S.</subfield>
    <subfield code="a">Menke, S.</subfield>
    <subfield code="a">Manz, A.</subfield>
    <subfield code="a">Lutz, G.</subfield>
    <subfield code="a">Kurchaninov, L.</subfield>
    <subfield code="a">Kroha, H.</subfield>
    <subfield code="a">Kortner, O.</subfield>
    <subfield code="a">Kluth, S.</subfield>
    <subfield code="a">Kiryunin, A.</subfield>
    <subfield code="a">Horvat, S.</subfield>
    <subfield code="a">Bethke, S.</subfield>
    <subfield code="a">Barillari, T.</subfield>
    <subfield code="a">Andricek, L.</subfield>
    <subfield code="a">Aderholz, M.</subfield>
    <subfield code="u">Munich, Max Planck Inst.</subfield>
  </datafield>
  <datafield tag="700" ind1=" " ind2=" ">
    <subfield code="a">Ziolkowski, M.</subfield>
    <subfield code="a">Werthenbach, U.</subfield>
    <subfield code="a">Walkowiak, W.</subfield>
    <subfield code="a">Stahl, T.</subfield>
    <subfield code="a">Seibert, R.</subfield>
    <subfield code="a">Kotaidis, V.</subfield>
    <subfield code="a">Kolotaev, Y.</subfield>
    <subfield code="a">Holder, M.</subfield>
    <subfield code="a">Buchholz, P.</subfield>
    <subfield code="u">Siegen U.</subfield>
  </datafield>
  <datafield tag="700" ind1=" " ind2=" ">
    <subfield code="a">Wicke, D.</subfield>
    <subfield code="a">Wahlen, H.</subfield>
    <subfield code="a">Thadome, J.</subfield>
    <subfield code="a">Schultes, J.</subfield>
    <subfield code="a">Sanny, B.</subfield>
    <subfield code="a">Reeves, K.</subfield>
    <subfield code="a">Purcarea, A.</subfield>
    <subfield code="a">Passon, O.</subfield>
    <subfield code="a">Mattig, P.</subfield>
    <subfield code="a">Lenzen, G.</subfield>
    <subfield code="a">Kootz, A.</subfield>
    <subfield code="a">Kind, P.</subfield>
    <subfield code="a">Kersten, S.</subfield>
    <subfield code="a">Imhaeuser, M.</subfield>
    <subfield code="a">Harenberg, T.</subfield>
    <subfield code="a">Hamacher, K.</subfield>
    <subfield code="a">Grah, C.</subfield>
    <subfield code="a">Glitza, K.W.</subfield>
    <subfield code="a">Gerlach, P.</subfield>
    <subfield code="a">Flick, T.</subfield>
    <subfield code="a">Dima, M.</subfield>
    <subfield code="a">Braun, H.</subfield>
    <subfield code="a">Boehme, J.</subfield>
    <subfield code="a">Becks, K.H.</subfield>
    <subfield code="a">Abdellaoui, K.</subfield>
    <subfield code="u">Wuppertal U.</subfield>
  </datafield>
  <datafield tag="700" ind1=" " ind2=" ">
    <subfield code="a">Tsipolitis, G.</subfield>
    <subfield code="a">Savva, P.</subfield>
    <subfield code="a">Papadopoulou, T.</subfield>
    <subfield code="a">Maltezos, S.</subfield>
    <subfield code="a">Maltezos, A.</subfield>
    <subfield code="a">Katsoufis, E.</subfield>
    <subfield code="a">Gazis, E.</subfield>
    <subfield code="a">Fokitis, E.</subfield>
    <subfield code="a">Filippas, A.</subfield>
    <subfield code="a">Dris, M.</subfield>
    <subfield code="a">Alexopoulos, T.</subfield>
    <subfield code="u">Athens, Tech. U.</subfield>
  </datafield>
  <datafield tag="700" ind1=" " ind2=" ">
    <subfield code="a">Vassiliou, M.</subfield>
    <subfield code="a">Tzanakos, G.S.</subfield>
    <subfield code="a">Tatsis, S.</subfield>
    <subfield code="a">Petridis, A.</subfield>
    <subfield code="a">Pancheluga, V.</subfield>
    <subfield code="a">Kourkoumelis, C.</subfield>
    <subfield code="a">Ioannou, P.</subfield>
    <subfield code="a">Giokaris, N.</subfield>
    <subfield code="a">Fasssouliotis, D.</subfield>
    <subfield code="u">Athens U.</subfield>
  </datafield>
  <datafield tag="700" ind1=" " ind2=" ">
    <subfield code="a">Ypsilantis, K.</subfield>
    <subfield code="a">Tsiafis, I.</subfield>
    <subfield code="a">Savvidis, E.</subfield>
    <subfield code="a">Sampsonidis, D.</subfield>
    <subfield code="a">Petridou, C.</subfield>
    <subfield code="a">Paschalias, P.</subfield>
    <subfield code="a">Manolopoulou, M.</subfield>
    <subfield code="a">Liolios, A.</subfield>
    <subfield code="a">Lamboudis, C.</subfield>
    <subfield code="a">Lagouri, T.</subfield>
    <subfield code="a">Krepouri, A.</subfield>
    <subfield code="a">Kanellopoulos, C.</subfield>
    <subfield code="a">Dedoussis, S.</subfield>
    <subfield code="a">Chatziantoniou, T.</subfield>
    <subfield code="a">Chardalas, M.</subfield>
    <subfield code="a">Bouzakis, C.</subfield>
    <subfield code="u">Aristotle U., Thessaloniki</subfield>
  </datafield>
  <datafield tag="700" ind1=" " ind2=" ">
    <subfield code="a">Tarem, S.</subfield>
    <subfield code="a">Rozen, Y.</subfield>
    <subfield code="a">Panikashvili, N.</subfield>
    <subfield code="a">Lupu, N.</subfield>
    <subfield code="a">Lifshitz, R.</subfield>
    <subfield code="a">Landesman, H.</subfield>
    <subfield code="a">Harel, A.</subfield>
    <subfield code="a">Dado, S.</subfield>
    <subfield code="u">Technion</subfield>
  </datafield>
  <datafield tag="700" ind1=" " ind2=" ">
    <subfield code="a">Zivkovitz, L.</subfield>
    <subfield code="a">Smakhtin, V.</subfield>
    <subfield code="a">Renkel, P.</subfield>
    <subfield code="a">Mikenberg, G.</subfield>
    <subfield code="a">Levinson, L.</subfield>
    <subfield code="a">Lellouch, D.</subfield>
    <subfield code="a">Kooper, M.</subfield>
    <subfield code="a">Klier, A.</subfield>
    <subfield code="a">Gross, E.</subfield>
    <subfield code="a">Duchovni, E.</subfield>
    <subfield code="u">Weizmann Inst.</subfield>
  </datafield>
  <datafield tag="700" ind1=" " ind2=" ">
    <subfield code="a">Oren, Y.</subfield>
    <subfield code="a">Navon, S.</subfield>
    <subfield code="a">Livneh, R.</subfield>
    <subfield code="a">Ginzburg, J.</subfield>
    <subfield code="a">Etzion, E.</subfield>
    <subfield code="a">Benhammou, Y.</subfield>
    <subfield code="a">Benary, O.</subfield>
    <subfield code="a">Bella, G.</subfield>
    <subfield code="a">Abramowicz, H.</subfield>
    <subfield code="u">Tel Aviv U.</subfield>
  </datafield>
  <datafield tag="700" ind1=" " ind2=" ">
    <subfield code="a">Zema, F.</subfield>
    <subfield code="a">Susinno, G.</subfield>
    <subfield code="a">Schioppa, M.</subfield>
    <subfield code="a">Rotonda, L.La</subfield>
    <subfield code="a">Meoni, E.</subfield>
    <subfield code="a">Mastroberardino, A.</subfield>
    <subfield code="a">Lamanna, E.</subfield>
    <subfield code="a">Castrovillari, F.</subfield>
    <subfield code="a">Capua, M.</subfield>
    <subfield code="a">Avolio, G.</subfield>
    <subfield code="a">Adorisio, C.</subfield>
    <subfield code="u">INFN, Cosenza</subfield>
  </datafield>
  <datafield tag="700" ind1=" " ind2=" ">
    <subfield code="a">Sansoni, A.</subfield>
    <subfield code="a">Nicoletti, G.</subfield>
    <subfield code="a">Martini, A.</subfield>
    <subfield code="a">Maccarrone, G.</subfield>
    <subfield code="a">Laurelli, P.</subfield>
    <subfield code="a">Ferrer, M.-L.</subfield>
    <subfield code="a">Esposito, B.</subfield>
    <subfield code="a">Curatolo, M.</subfield>
    <subfield code="a">Chiarella, V.</subfield>
    <subfield code="a">Bilokon, H.</subfield>
    <subfield code="a">Bertolucci, S.</subfield>
    <subfield code="a">Beretta, M.</subfield>
    <subfield code="a">Antonelli, M.</subfield>
    <subfield code="a">Antonelli, A.</subfield>
    <subfield code="u">Frascati</subfield>
  </datafield>
  <datafield tag="700" ind1=" " ind2=" ">
    <subfield code="a">Sette, G.</subfield>
    <subfield code="a">Schiavi, C.</subfield>
    <subfield code="a">Rossi, L.</subfield>
    <subfield code="a">Parodi, F.</subfield>
    <subfield code="a">Osculati, B.</subfield>
    <subfield code="a">Olcese, M.</subfield>
    <subfield code="a">Netchaeva, P.</subfield>
    <subfield code="a">Morettini, P.</subfield>
    <subfield code="a">Gemme, C.</subfield>
    <subfield code="a">Gagliardi, G.</subfield>
    <subfield code="a">Darbo, G.</subfield>
    <subfield code="a">Dameri, M.</subfield>
    <subfield code="a">Cuneo, S.</subfield>
    <subfield code="a">Cervetto, M.</subfield>
    <subfield code="a">Caso, C.</subfield>
    <subfield code="a">Beccherle, R.</subfield>
    <subfield code="a">Barberis, D.</subfield>
    <subfield code="u">INFN, Genoa</subfield>
  </datafield>
  <datafield tag="700" ind1=" " ind2=" ">
    <subfield code="a">Ventura, Andrea</subfield>
    <subfield code="a">Spagnolo, S.</subfield>
    <subfield code="a">Primavera, M.</subfield>
    <subfield code="a">Perrino, R.</subfield>
    <subfield code="a">Grancagnolo, F.</subfield>
    <subfield code="a">Gorini, E.</subfield>
    <subfield code="a">Chiodini, G.</subfield>
    <subfield code="a">Cataldi, G.</subfield>
    <subfield code="a">Brambilla, E.</subfield>
    <subfield code="u">INFN, Lecce</subfield>
  </datafield>
  <datafield tag="700" ind1=" " ind2=" ">
    <subfield code="a">Volpini, G.</subfield>
    <subfield code="a">Vegni, G.</subfield>
    <subfield code="a">Troncon, C.</subfield>
    <subfield code="a">Tartarelli, G.F.</subfield>
    <subfield code="a">Rivoltella, G.</subfield>
    <subfield code="a">Resconi, S.</subfield>
    <subfield code="a">Ragusa, F.</subfield>
    <subfield code="a">Perini, L.</subfield>
    <subfield code="a">Meroni, C.</subfield>
    <subfield code="a">Mazzanti, M.</subfield>
    <subfield code="a">Mandelli, L.</subfield>
    <subfield code="a">Lari, T.</subfield>
    <subfield code="a">Giugni, D.</subfield>
    <subfield code="a">Fanti, M.</subfield>
    <subfield code="a">Delmastro, M.</subfield>
    <subfield code="a">Costa, G.</subfield>
    <subfield code="a">Citterio, M.</subfield>
    <subfield code="a">Cavalli, D.</subfield>
    <subfield code="a">Carminatti, L.</subfield>
    <subfield code="a">Broggi, F.</subfield>
    <subfield code="a">Baccaglioni, G.</subfield>
    <subfield code="a">Andreazza, A.</subfield>
    <subfield code="a">Alimonti, G.</subfield>
    <subfield code="a">Alessandria, F.</subfield>
    <subfield code="u">INFN, Milan</subfield>
  </datafield>
  <datafield tag="700" ind1=" " ind2=" ">
    <subfield code="a">Volpe, D.Della</subfield>
    <subfield code="a">Sekhniaidze, G.</subfield>
    <subfield code="a">Pietra, M.Della</subfield>
    <subfield code="a">Patricelli, S.</subfield>
    <subfield code="a">Merola, L.</subfield>
    <subfield code="a">Iengo, P.</subfield>
    <subfield code="a">Conventi, F.</subfield>
    <subfield code="a">Chiefari, G.</subfield>
    <subfield code="a">Carlino, G.P.</subfield>
    <subfield code="a">Caprio, M.</subfield>
    <subfield code="a">Canale, V.</subfield>
    <subfield code="a">Biglietti, M.</subfield>
    <subfield code="a">Asmundis, R.De</subfield>
    <subfield code="a">Alviggi, M.G.</subfield>
    <subfield code="a">Aloisio, A.</subfield>
    <subfield code="u">INFN, Naples</subfield>
  </datafield>
  <datafield tag="700" ind1=" " ind2=" ">
    <subfield code="a">Vercesi, V.</subfield>
    <subfield code="a">Scannicchio, D.A.</subfield>
    <subfield code="a">Rimoldi, A.</subfield>
    <subfield code="a">Polesello, G.</subfield>
    <subfield code="a">Negri, A.</subfield>
    <subfield code="a">Livan, M.</subfield>
    <subfield code="a">Lanza, A.</subfield>
    <subfield code="a">Goggi, G.</subfield>
    <subfield code="a">Gaudio, G.</subfield>
    <subfield code="a">Fraternali, M.</subfield>
    <subfield code="a">Ferrari, R.</subfield>
    <subfield code="a">Conta, C.</subfield>
    <subfield code="a">Cambiaghi, M.</subfield>
    <subfield code="u">INFN, Pavia</subfield>
  </datafield>
  <datafield tag="700" ind1=" " ind2=" ">
    <subfield code="a">Vivarelli, I.</subfield>
    <subfield code="a">Usai, G.</subfield>
    <subfield code="a">Roda, C.</subfield>
    <subfield code="a">Prete, T.Del</subfield>
    <subfield code="a">Lupi, A.</subfield>
    <subfield code="a">Giulietti, D.</subfield>
    <subfield code="a">Flaminio, V.</subfield>
    <subfield code="a">Dotti, A.</subfield>
    <subfield code="a">Cavasinni, V.</subfield>
    <subfield code="u">INFN, Pisa</subfield>
  </datafield>
  <datafield tag="700" ind1=" " ind2=" ">
    <subfield code="a">Zorzi, G.De</subfield>
    <subfield code="a">Zanello, L.</subfield>
    <subfield code="a">Veneziano, S.</subfield>
    <subfield code="a">Vari, R.</subfield>
    <subfield code="a">Salvo, A.De</subfield>
    <subfield code="a">Pontecorvo, L.</subfield>
    <subfield code="a">Petrolo, E.</subfield>
    <subfield code="a">Pastore, F.</subfield>
    <subfield code="a">Pasqualucci, E.</subfield>
    <subfield code="a">Nisati, A.</subfield>
    <subfield code="a">Mirabelli, G.</subfield>
    <subfield code="a">Mattia, A.Di</subfield>
    <subfield code="a">Marzano, F.</subfield>
    <subfield code="a">Luminari, L.</subfield>
    <subfield code="a">Luci, C.</subfield>
    <subfield code="a">Lacava, F.</subfield>
    <subfield code="a">Gentile, S.</subfield>
    <subfield code="a">Gauzzi, P.</subfield>
    <subfield code="a">Falciano, S.</subfield>
    <subfield code="a">Domenico, A.Di</subfield>
    <subfield code="a">Dionisi, C.</subfield>
    <subfield code="a">Cirilli, E.</subfield>
    <subfield code="a">Ciapetti, G.</subfield>
    <subfield code="a">Caloi, R.</subfield>
    <subfield code="a">Bocci, V.</subfield>
    <subfield code="a">Bini, C.</subfield>
    <subfield code="a">Bagnaia, P.</subfield>
    <subfield code="u">INFM, Rome La Sapienza</subfield>
    <subfield code="u">INFN, Rome</subfield>
  </datafield>
  <datafield tag="700" ind1=" " ind2=" ">
    <subfield code="a">Santonico, R.</subfield>
    <subfield code="a">Liberti, B.</subfield>
    <subfield code="a">Ciaccio, A.Di</subfield>
    <subfield code="a">Cardarelli, R.</subfield>
    <subfield code="a">Camarri, P.</subfield>
    <subfield code="a">Aielli, G.</subfield>
    <subfield code="u">INFN, Rome2</subfield>
  </datafield>
  <datafield tag="700" ind1=" " ind2=" ">
    <subfield code="a">Verducci, M.</subfield>
    <subfield code="a">Tonazzo, A.</subfield>
    <subfield code="a">Stanescu, C.</subfield>
    <subfield code="a">Spiriti, E.</subfield>
    <subfield code="a">Petrucci, F.</subfield>
    <subfield code="a">Pastore, F.</subfield>
    <subfield code="a">Passeri, A.</subfield>
    <subfield code="a">Orestano, D.</subfield>
    <subfield code="a">Iodice, M.</subfield>
    <subfield code="a">Graziani, E.</subfield>
    <subfield code="a">Farilla, A.</subfield>
    <subfield code="a">Ceradini, F.</subfield>
    <subfield code="a">Branchini, P.</subfield>
    <subfield code="a">Baroncelli, A.</subfield>
    <subfield code="a">Bacci, C.</subfield>
    <subfield code="u">Rome U., III</subfield>
    <subfield code="u">INFN, Rome</subfield>
  </datafield>
  <datafield tag="700" ind1=" " ind2=" ">
    <subfield code="a">Santi, L.</subfield>
    <subfield code="a">Papa, C.del</subfield>
    <subfield code="a">Lotto, B.De</subfield>
    <subfield code="a">Grassmann, H.</subfield>
    <subfield code="a">Cobal, M.</subfield>
    <subfield code="a">Cauz, D.</subfield>
    <subfield code="u">Udine U.</subfield>
    <subfield code="u">INFN, Trieste</subfield>
  </datafield>
  <datafield tag="700" ind1=" " ind2=" ">
    <subfield code="a">Tanaka, S.</subfield>
    <subfield code="u">Ritsumeikan U.</subfield>
  </datafield>
  <datafield tag="700" ind1=" " ind2=" ">
    <subfield code="a">Nagasaka, Y.</subfield>
    <subfield code="u">Hiroshima Inst. Tech.</subfield>
  </datafield>
  <datafield tag="700" ind1=" " ind2=" ">
    <subfield code="a">Iwata, Y.</subfield>
    <subfield code="u">Hiroshima U.</subfield>
  </datafield>
  <datafield tag="700" ind1=" " ind2=" ">
    <subfield code="a">Yasu, Y.</subfield>
    <subfield code="a">Yamamoto, A.</subfield>
    <subfield code="a">Watase, Y.</subfield>
    <subfield code="a">Unno, Y.</subfield>
    <subfield code="a">Ujiie, N.</subfield>
    <subfield code="a">Terada, S.</subfield>
    <subfield code="a">Tanaka, S.</subfield>
    <subfield code="a">Sasaki, T.</subfield>
    <subfield code="a">Sasaki, O.</subfield>
    <subfield code="a">Ohska, T.K.</subfield>
    <subfield code="a">Odaka, S.</subfield>
    <subfield code="a">Nakayoshi, K.</subfield>
    <subfield code="a">Murakami, K.</subfield>
    <subfield code="a">Morita, Y.</subfield>
    <subfield code="a">Manabe, A.</subfield>
    <subfield code="a">Makida, Y.</subfield>
    <subfield code="a">Kondo, T.</subfield>
    <subfield code="a">Kohriki, T.</subfield>
    <subfield code="a">Kanzaki, J.</subfield>
    <subfield code="a">Iwasaki, H.</subfield>
    <subfield code="a">Ikeno, M.</subfield>
    <subfield code="a">Ikegami, Y.</subfield>
    <subfield code="a">Haruyama, T.</subfield>
    <subfield code="a">Arai, Y.</subfield>
    <subfield code="a">Amako, K.</subfield>
    <subfield code="u">KEK, Tsukuba</subfield>
  </datafield>
  <datafield tag="700" ind1=" " ind2=" ">
    <subfield code="a">Takeda, H.</subfield>
    <subfield code="a">Ochi, A.</subfield>
    <subfield code="a">Nozaki, M.</subfield>
    <subfield code="a">Maeno, T.</subfield>
    <subfield code="a">Kurashige, H.</subfield>
    <subfield code="a">Kawagoe, K.</subfield>
    <subfield code="a">Honma, Y.</subfield>
    <subfield code="u">Kobe U.</subfield>
  </datafield>
  <datafield tag="700" ind1=" " ind2=" ">
    <subfield code="a">Sasao, N.</subfield>
    <subfield code="u">Kyoto U.</subfield>
  </datafield>
  <datafield tag="700" ind1=" " ind2=" ">
    <subfield code="a">Takashima, R.</subfield>
    <subfield code="u">Kyoto U. of Education</subfield>
  </datafield>
  <datafield tag="700" ind1=" " ind2=" ">
    <subfield code="a">Tanaka, Y.</subfield>
    <subfield code="a">Shimojima, M.</subfield>
    <subfield code="u">Nagasaki Inst. Appl. Sci.</subfield>
  </datafield>
  <datafield tag="700" ind1=" " ind2=" ">
    <subfield code="a">Yoshida, H.</subfield>
    <subfield code="u">Naruto U. of Education</subfield>
  </datafield>
  <datafield tag="700" ind1=" " ind2=" ">
    <subfield code="a">R., Tanaka</subfield>
    <subfield code="u">Okayama U.</subfield>
  </datafield>
  <datafield tag="700" ind1=" " ind2=" ">
    <subfield code="a">Takeshita, T.</subfield>
    <subfield code="a">Nakano, I.</subfield>
    <subfield code="a">Miyazaki, Y.</subfield>
    <subfield code="a">Hasegawa, Y.</subfield>
    <subfield code="u">Shinshu U.</subfield>
  </datafield>
  <datafield tag="700" ind1=" " ind2=" ">
    <subfield code="a">Ueda, I.</subfield>
    <subfield code="a">Tanaka, J.</subfield>
    <subfield code="a">Sakamoto, H.</subfield>
    <subfield code="a">Saeki, T.</subfield>
    <subfield code="a">Matsumoto, H.</subfield>
    <subfield code="a">Mashimo, T.</subfield>
    <subfield code="a">Kobayashi, T.</subfield>
    <subfield code="a">Kawamoto, T.</subfield>
    <subfield code="a">Ishino, M.</subfield>
    <subfield code="a">Imori, M.</subfield>
    <subfield code="a">Asai, S.</subfield>
    <subfield code="u">Tokyo U., ICEPP</subfield>
  </datafield>
  <datafield tag="700" ind1=" " ind2=" ">
    <subfield code="a">Fukunaga, C.</subfield>
    <subfield code="u">Tokyo Metropolitan U.</subfield>
  </datafield>
  <datafield tag="700" ind1=" " ind2=" ">
    <subfield code="a">Emura, T.</subfield>
    <subfield code="u">Tokyo U. Of Agric. Tech.</subfield>
  </datafield>
  <datafield tag="700" ind1=" " ind2=" ">
    <subfield code="a">Hara, K.</subfield>
    <subfield code="u">Tsukuba U.</subfield>
  </datafield>
  <datafield tag="700" ind1=" " ind2=" ">
    <subfield code="a">Sayouty, E.</subfield>
    <subfield code="a">Kacimi, M.El</subfield>
    <subfield code="a">Idrissi, A.</subfield>
    <subfield code="a">Hoummada, A.</subfield>
    <subfield code="a">Ghazlane, H.</subfield>
    <subfield code="a">Derkaoui, J.E.</subfield>
    <subfield code="a">Cherkaoui, R.</subfield>
    <subfield code="a">Benchekroun, D.</subfield>
    <subfield code="u">Casablanca U.</subfield>
  </datafield>
  <datafield tag="700" ind1=" " ind2=" ">
    <subfield code="a">Woudstra, M.</subfield>
    <subfield code="a">Vreeswijk, M.</subfield>
    <subfield code="a">Vermeulen, Joseph Cornelis</subfield>
    <subfield code="a">Scholte, R.</subfield>
    <subfield code="a">Peeters, S.</subfield>
    <subfield code="a">Muijs, S.</subfield>
    <subfield code="a">Massaro, G.</subfield>
    <subfield code="a">Luijckx, G.</subfield>
    <subfield code="a">Linde, F.</subfield>
    <subfield code="a">Jong, Paul de</subfield>
    <subfield code="a">Hessey, N.P.</subfield>
    <subfield code="a">Hartjes, F.</subfield>
    <subfield code="a">van der Graaf, H.</subfield>
    <subfield code="a">Gorfine, G.</subfield>
    <subfield code="a">Fornaini, A.</subfield>
    <subfield code="a">Eijk, B.van</subfield>
    <subfield code="a">Cornelissen, T.</subfield>
    <subfield code="a">Boterenbrood, H.</subfield>
    <subfield code="a">Bobbink, G.</subfield>
    <subfield code="a">Bentvelsen, S.</subfield>
    <subfield code="a">Barisonzi, M.</subfield>
    <subfield code="u">NIKHEF, Amsterdam</subfield>
  </datafield>
  <datafield tag="700" ind1=" " ind2=" ">
    <subfield code="a">Wijnen, Th.A.M.</subfield>
    <subfield code="a">Timmermans, C.W.J.P.</subfield>
    <subfield code="a">Konig, A.C.</subfield>
    <subfield code="a">Klok, P.F.</subfield>
    <subfield code="a">Crijns, F.J.G.H.</subfield>
    <subfield code="u">Nijmegen U.</subfield>
  </datafield>
  <datafield tag="700" ind1=" " ind2=" ">
    <subfield code="a">Stugu, B.</subfield>
    <subfield code="a">Solberg, A.</subfield>
    <subfield code="a">Pommersche, B.</subfield>
    <subfield code="a">Oye, O.</subfield>
    <subfield code="a">Mohn, B.</subfield>
    <subfield code="a">Lipniacka, A.</subfield>
    <subfield code="a">Hansen, L.G.</subfield>
    <subfield code="u">Bergen U.</subfield>
  </datafield>
  <datafield tag="700" ind1=" " ind2=" ">
    <subfield code="a">Strandlie, A.</subfield>
    <subfield code="a">Stapnes, S.</subfield>
    <subfield code="a">Sandaker, H.</subfield>
    <subfield code="a">Read, Alexander L.</subfield>
    <subfield code="a">Pajchel, K.</subfield>
    <subfield code="a">Ould-Saada, F.</subfield>
    <subfield code="a">Konstantinov, A.</subfield>
    <subfield code="a">Huse, T.</subfield>
    <subfield code="a">Gjelsten, B.K.</subfield>
    <subfield code="a">Dorholt, O.</subfield>
    <subfield code="a">Danielsen, K.M.</subfield>
    <subfield code="a">Bugge, L.</subfield>
    <subfield code="u">Oslo U.</subfield>
  </datafield>
  <datafield tag="700" ind1=" " ind2=" ">
    <subfield code="a">Wosiek, B.</subfield>
    <subfield code="a">Wolter, M.</subfield>
    <subfield code="a">Turala, M.</subfield>
    <subfield code="a">Szymocha, T.</subfield>
    <subfield code="a">Szczygiel, R.</subfield>
    <subfield code="a">Richter-Was, E.</subfield>
    <subfield code="a">Puchalska, M.</subfield>
    <subfield code="a">Ostrowicz, W.</subfield>
    <subfield code="a">Olszowska, J.</subfield>
    <subfield code="a">Olszewski, A.</subfield>
    <subfield code="a">Moszczynski, A.</subfield>
    <subfield code="a">Markiewicz, E.</subfield>
    <subfield code="a">Malecki, P.</subfield>
    <subfield code="a">Korcyl, K.</subfield>
    <subfield code="a">Kaczmarska, A.</subfield>
    <subfield code="a">Iwanski, W.</subfield>
    <subfield code="a">Hajduk, Z.</subfield>
    <subfield code="a">Gornicki, E.</subfield>
    <subfield code="a">Bocian, D.</subfield>
    <subfield code="a">Banas, E.</subfield>
    <subfield code="u">Cracow, INP</subfield>
  </datafield>
  <datafield tag="700" ind1=" " ind2=" ">
    <subfield code="a">Toczek, B.</subfield>
    <subfield code="a">Mindur, B.</subfield>
    <subfield code="a">Kowalski, T.</subfield>
    <subfield code="a">Koperny, S.</subfield>
    <subfield code="a">Kisielewska, D.</subfield>
    <subfield code="a">Jelen, K.</subfield>
    <subfield code="a">Grybos, P.</subfield>
    <subfield code="a">Dabrowski, W.</subfield>
    <subfield code="a">Bold, T.</subfield>
    <subfield code="a">Bialas, W.</subfield>
    <subfield code="u">Cracow, Inst. Phys. Nucl. Tech.</subfield>
  </datafield>
  <datafield tag="700" ind1=" " ind2=" ">
    <subfield code="a">Veloso, Filipe</subfield>
    <subfield code="u">LIP, Coimbra</subfield>
  </datafield>
  <datafield tag="700" ind1=" " ind2=" ">
    <subfield code="a">Wolters, H.</subfield>
    <subfield code="a">Varanda, M.-J.</subfield>
    <subfield code="a">Soares, S.</subfield>
    <subfield code="a">Silva, J.</subfield>
    <subfield code="a">Saraiva, J.</subfield>
    <subfield code="a">Santos, J.</subfield>
    <subfield code="a">Ribeiro, A.</subfield>
    <subfield code="a">Pinhao, J.</subfield>
    <subfield code="a">Pina, J.</subfield>
    <subfield code="a">Onofre, A.</subfield>
    <subfield code="a">Marques, C.</subfield>
    <subfield code="a">Maneira, M.</subfield>
    <subfield code="a">Maio, A.</subfield>
    <subfield code="a">Gomes, J.</subfield>
    <subfield code="a">Gomes, A.</subfield>
    <subfield code="a">Esteves, F.</subfield>
    <subfield code="a">David, M.</subfield>
    <subfield code="a">Carvalho, J.</subfield>
    <subfield code="a">Amorim, A.</subfield>
    <subfield code="u">Lisbon, LIFEP</subfield>
  </datafield>
  <datafield tag="700" ind1=" " ind2=" ">
    <subfield code="a">Popeneciu, G.</subfield>
    <subfield code="a">Pantea, D.</subfield>
    <subfield code="a">Micu, L.</subfield>
    <subfield code="a">Dita, S.</subfield>
    <subfield code="a">Dita, P.</subfield>
    <subfield code="a">Constantinescu, S.</subfield>
    <subfield code="a">Caprini, M.</subfield>
    <subfield code="a">Caprini, I.</subfield>
    <subfield code="a">Boldea, V.</subfield>
    <subfield code="a">Badescu, E.</subfield>
    <subfield code="a">Alexa, C.</subfield>
    <subfield code="u">Bucharest, IFIN-HH</subfield>
  </datafield>
  <datafield tag="700" ind1=" " ind2=" ">
    <subfield code="a">Tsoukerman, I.</subfield>
    <subfield code="a">Shatalov, P.</subfield>
    <subfield code="a">Khovansky, V.</subfield>
    <subfield code="a">Igonkina, Olga B.</subfield>
    <subfield code="a">Epchtein, V.</subfield>
    <subfield code="a">Artamonov, A.</subfield>
    <subfield code="u">Moscow, ITEP</subfield>
  </datafield>
  <datafield tag="700" ind1=" " ind2=" ">
    <subfield code="a">Sulin, V.</subfield>
    <subfield code="a">Suchkov, S.</subfield>
    <subfield code="a">Sosnovtsev, V.</subfield>
    <subfield code="a">Snesarev, A.</subfield>
    <subfield code="a">Smirnov, S.</subfield>
    <subfield code="a">Shmeleva, A.</subfield>
    <subfield code="a">Novikov, V.</subfield>
    <subfield code="a">Mouraviev, S.</subfield>
    <subfield code="a">Komar, A.</subfield>
    <subfield code="a">Gavrilenko, I.</subfield>
    <subfield code="a">Dolgoshein, B.</subfield>
    <subfield code="a">Bondarenko, V.</subfield>
    <subfield code="a">Alexeev, E.</subfield>
    <subfield code="a">Akimov, A.</subfield>
    <subfield code="u">Moscow Phys. Eng. Inst.</subfield>
    <subfield code="u">FIAN, Moscow</subfield>
  </datafield>
  <datafield tag="700" ind1=" " ind2=" ">
    <subfield code="a">Smirnova, L.</subfield>
    <subfield code="a">Sivoklokov, S.</subfield>
    <subfield code="a">Nikitine, N.</subfield>
    <subfield code="a">Merkin, M.</subfield>
    <subfield code="a">Kramarenko, V.</subfield>
    <subfield code="a">Eremin, V.</subfield>
    <subfield code="a">Bassiladze, S.</subfield>
    <subfield code="u">SINP, Moscow</subfield>
  </datafield>
  <datafield tag="700" ind1=" " ind2=" ">
    <subfield code="a">Tikhonov, Y.</subfield>
    <subfield code="a">Talyshev, A.</subfield>
    <subfield code="a">Soukharev, A.</subfield>
    <subfield code="a">Snopkov, R.</subfield>
    <subfield code="a">Pospelov, G.</subfield>
    <subfield code="a">Maslennikov, A.</subfield>
    <subfield code="a">Malyshev, V.</subfield>
    <subfield code="a">Chamov, A.</subfield>
    <subfield code="u">Novosibirsk, IYF</subfield>
  </datafield>
  <datafield tag="700" ind1=" " ind2=" ">
    <subfield code="a">Zmushko, V.</subfield>
    <subfield code="a">Zenine, A.</subfield>
    <subfield code="a">Zaitsev, A.</subfield>
    <subfield code="a">Zaets, V.</subfield>
    <subfield code="a">Vorobiev, A.</subfield>
    <subfield code="a">Sviridov, Y.</subfield>
    <subfield code="a">Starchenko, E.</subfield>
    <subfield code="a">Solovianov, O.</subfield>
    <subfield code="a">Solodkov, A.</subfield>
    <subfield code="a">Semak, A.</subfield>
    <subfield code="a">Rudenko, R.</subfield>
    <subfield code="a">Riadovikov, V.</subfield>
    <subfield code="a">Mitrofanov, G.</subfield>
    <subfield code="a">Minaenko, A.</subfield>
    <subfield code="a">Miagkov, A.</subfield>
    <subfield code="a">Levitsky, M.</subfield>
    <subfield code="a">Larionov, A.</subfield>
    <subfield code="a">Kojine, A.</subfield>
    <subfield code="a">Kholodenko, A.</subfield>
    <subfield code="a">Karioukhine, A.</subfield>
    <subfield code="a">Gorokhov, S.</subfield>
    <subfield code="a">Goriatchev, V.</subfield>
    <subfield code="a">Goriatchev, S.</subfield>
    <subfield code="a">Golovnia, S.</subfield>
    <subfield code="a">Fenyuk, A.</subfield>
    <subfield code="a">Fakhroutdinov, R.</subfield>
    <subfield code="a">Denisov, S.</subfield>
    <subfield code="a">Chekulaev, S.</subfield>
    <subfield code="a">Borissov, A.</subfield>
    <subfield code="a">Ammosov, V.</subfield>
    <subfield code="u">Serpukhov, IHEP</subfield>
  </datafield>
  <datafield tag="700" ind1=" " ind2=" ">
    <subfield code="a">Zalite, Y.K.</subfield>
    <subfield code="a">Zalite, A.Y.</subfield>
    <subfield code="a">Schegelsky, V.A.</subfield>
    <subfield code="a">Seliverstov, D.M.</subfield>
    <subfield code="a">Ryabov, Y.F.</subfield>
    <subfield code="a">Maleev, V.P.</subfield>
    <subfield code="a">Kovalenko, S.N.</subfield>
    <subfield code="a">Koudine, L.G.</subfield>
    <subfield code="a">Khomoutnikov, V.P.</subfield>
    <subfield code="a">Fedine, O.L.</subfield>
    <subfield code="u">St. Petersburg, INP</subfield>
  </datafield>
  <datafield tag="700" ind1=" " ind2=" ">
    <subfield code="a">Zhemchugov, A.</subfield>
    <subfield code="a">Yarygin, G.</subfield>
    <subfield code="a">Vorozhtsov, S.</subfield>
    <subfield code="a">Vinogradov, V.</subfield>
    <subfield code="a">Usov, Y.</subfield>
    <subfield code="a">Tyuleev, A.</subfield>
    <subfield code="a">Topilin, N.</subfield>
    <subfield code="a">Tchepournov, V.</subfield>
    <subfield code="a">Tatarinov, S.</subfield>
    <subfield code="a">Sissakian, A.</subfield>
    <subfield code="a">Shilov, S.</subfield>
    <subfield code="a">Shalyugin, A.</subfield>
    <subfield code="a">Semenov, A.</subfield>
    <subfield code="a">Rybaltchenko, K.</subfield>
    <subfield code="a">Russakovich, N.</subfield>
    <subfield code="a">Romanov, V.</subfield>
    <subfield code="a">Rogalev, E.</subfield>
    <subfield code="a">Potrap, I.</subfield>
    <subfield code="a">Pisarev, I.</subfield>
    <subfield code="a">Peshekhonov, V.</subfield>
    <subfield code="a">Olshevski, A.</subfield>
    <subfield code="a">Nozdrin, A.</subfield>
    <subfield code="a">Nikolenko, M.</subfield>
    <subfield code="a">Nikolaev, K.</subfield>
    <subfield code="a">Mineev, M.</subfield>
    <subfield code="a">Minashvili, I.</subfield>
    <subfield code="a">Merekov, Y.</subfield>
    <subfield code="a">Manjavidze, D.</subfield>
    <subfield code="a">Malyukov, S.</subfield>
    <subfield code="a">Lomakin, Y.</subfield>
    <subfield code="a">Lazarev, A.</subfield>
    <subfield code="a">Ladygin, E.U.</subfield>
    <subfield code="a">Kukhtin, V.</subfield>
    <subfield code="a">Krumstein, Z.</subfield>
    <subfield code="a">Kruchonak, V.</subfield>
    <subfield code="a">Kotov, V.</subfield>
    <subfield code="a">Kotov, S.</subfield>
    <subfield code="a">Korobov, S.</subfield>
    <subfield code="a">Khovansky, N.</subfield>
    <subfield code="a">Khartchenko, D.</subfield>
    <subfield code="a">Kekelidze, G.</subfield>
    <subfield code="a">Kazarinov, M.</subfield>
    <subfield code="a">Ilushenko, E.</subfield>
    <subfield code="a">Guskov, A.</subfield>
    <subfield code="a">Gostkin, M.</subfield>
    <subfield code="a">Glonti, G.</subfield>
    <subfield code="a">Flyagin, V.</subfield>
    <subfield code="a">Evtukhovich, P.</subfield>
    <subfield code="a">Dedovich, D.</subfield>
    <subfield code="a">Chelkov, G.</subfield>
    <subfield code="a">Budagov, J.</subfield>
    <subfield code="a">Boyko, I.</subfield>
    <subfield code="a">Alexandrov, I.</subfield>
    <subfield code="u">Dubna, JINR</subfield>
    <subfield code="z">902780</subfield>
  </datafield>
  <datafield tag="700" ind1=" " ind2=" ">
    <subfield code="a">Todorovic, Z.</subfield>
    <subfield code="a">Simic, L.</subfield>
    <subfield code="a">Sijacki, D.</subfield>
    <subfield code="a">Savonic, S.</subfield>
    <subfield code="a">Popovic, D.</subfield>
    <subfield code="a">Krstic, J.</subfield>
    <subfield code="u">Belgrade U.</subfield>
  </datafield>
  <datafield tag="700" ind1=" " ind2=" ">
    <subfield code="a">Zenis, T.</subfield>
    <subfield code="a">Tokar, S.</subfield>
    <subfield code="a">Sykora, I.</subfield>
    <subfield code="a">Strizenec, P.</subfield>
    <subfield code="a">Stavina, P.</subfield>
    <subfield code="a">Seman, M.</subfield>
    <subfield code="a">Kladiva, E.</subfield>
    <subfield code="a">Fedorko, I.</subfield>
    <subfield code="a">Ciljak, M.</subfield>
    <subfield code="a">Bruncko, D.</subfield>
    <subfield code="a">Bednar, P.</subfield>
    <subfield code="a">Ban, J.</subfield>
    <subfield code="u">Bratislava, Inst. Phys.</subfield>
  </datafield>
  <datafield tag="700" ind1=" " ind2=" ">
    <subfield code="a">Tadel, M.</subfield>
    <subfield code="a">Mikuz, M.</subfield>
    <subfield code="a">Mandic, I.</subfield>
    <subfield code="a">Kramberger, G.</subfield>
    <subfield code="a">Kersevan, B.P.</subfield>
    <subfield code="a">Cindro, V.</subfield>
    <subfield code="u">Ljubljana U.</subfield>
    <subfield code="u">Stefan Inst., Ljubljana</subfield>
    <subfield code="z">903408</subfield>
  </datafield>
  <datafield tag="700" ind1=" " ind2=" ">
    <subfield code="a">Segura, E.</subfield>
    <subfield code="a">Sanchez, C.</subfield>
    <subfield code="a">Salto, O.</subfield>
    <subfield code="a">Portell, X.</subfield>
    <subfield code="a">Pacheco, A.</subfield>
    <subfield code="a">Norniella, O.</subfield>
    <subfield code="a">Miralles, L.</subfield>
    <subfield code="a">Korolkov, I.</subfield>
    <subfield code="a">Iglesias, C.</subfield>
    <subfield code="a">Duran, J.</subfield>
    <subfield code="a">Dosil, M.</subfield>
    <subfield code="a">Deluca, C.</subfield>
    <subfield code="a">Cavalli-Sforza, M.</subfield>
    <subfield code="a">Bosman, M.</subfield>
    <subfield code="a">Blanchot, G.</subfield>
    <subfield code="u">Barcelona, Autonoma U.</subfield>
    <subfield code="u">IFAE, Barcelona</subfield>
  </datafield>
  <datafield tag="700" ind1=" " ind2=" ">
    <subfield code="a">Rodier, S.</subfield>
    <subfield code="a">Peso, J.del</subfield>
    <subfield code="a">Oliver, C.</subfield>
    <subfield code="a">Labarga, L.</subfield>
    <subfield code="a">Barreiro, F.</subfield>
    <subfield code="u">Madrid, Autonoma U.</subfield>
  </datafield>
  <datafield tag="700" ind1=" " ind2=" ">
    <subfield code="a">Vos, M.A.</subfield>
    <subfield code="a">Verdu, J.Bernabeu</subfield>
    <subfield code="a">Ullan, M.</subfield>
    <subfield code="a">Torres, J.G.</subfield>
    <subfield code="a">Soret, J.</subfield>
    <subfield code="a">Sevilla, S.Gonzalez</subfield>
    <subfield code="a">Sanchez, J.</subfield>
    <subfield code="a">Salvachua, B.</subfield>
    <subfield code="a">Salt, J.F.</subfield>
    <subfield code="a">Ros, E.</subfield>
    <subfield code="a">Peris, E.Sanchis</subfield>
    <subfield code="a">Pellegrini, J.</subfield>
    <subfield code="a">Navarro, J.E.Garcia</subfield>
    <subfield code="a">Nacher, J.</subfield>
    <subfield code="a">Millan, V.Gonzalez</subfield>
    <subfield code="a">March, L.</subfield>
    <subfield code="a">Lozano, M.A.Sanchis</subfield>
    <subfield code="a">Llosa, G.</subfield>
    <subfield code="a">Lara, V.</subfield>
    <subfield code="a">Lacasta, C.</subfield>
    <subfield code="a">Lacambra, C.Martinez</subfield>
    <subfield code="a">Key, M.</subfield>
    <subfield code="a">de la Hoz, S.Gonzalez</subfield>
    <subfield code="a">Higon, E.</subfield>
    <subfield code="a">Garciz, S.Marti</subfield>
    <subfield code="a">Garcia, C.</subfield>
    <subfield code="a">Fuster, J.</subfield>
    <subfield code="a">Fullana, E.</subfield>
    <subfield code="a">Fleta, C.</subfield>
    <subfield code="a">Ferrer, A.</subfield>
    <subfield code="a">Fantoba, M.Lozano</subfield>
    <subfield code="a">Cuenca, C.</subfield>
    <subfield code="a">Civera, J.V.</subfield>
    <subfield code="a">Castillo, M.V.</subfield>
    <subfield code="a">Castelo, J.M.</subfield>
    <subfield code="a">Campabadal, F.</subfield>
    <subfield code="a">Amengual, J.Lopez</subfield>
    <subfield code="u">IFAE, Barcelona</subfield>
    <subfield code="u">Valencia U., IFIC</subfield>
  </datafield>
  <datafield tag="700" ind1=" " ind2=" ">
    <subfield code="a">Tayalati, Y.</subfield>
    <subfield code="a">Smirnova, O.</subfield>
    <subfield code="a">Siljan, R.</subfield>
    <subfield code="a">Rydstrom, S.</subfield>
    <subfield code="a">Mjornmark, U.</subfield>
    <subfield code="a">Lundberg, B.</subfield>
    <subfield code="a">Lund-Jensen, B.</subfield>
    <subfield code="a">Jarlskog, G.</subfield>
    <subfield code="a">Hedberg, V.</subfield>
    <subfield code="a">Eerola, P.</subfield>
    <subfield code="a">Driouichi, C.</subfield>
    <subfield code="a">Akesson, T.</subfield>
    <subfield code="u">Royal Inst. Tech., Stockholm</subfield>
    <subfield code="u">Lund U.</subfield>
  </datafield>
  <datafield tag="700" ind1=" " ind2=" ">
    <subfield code="a">Silverstein, S.</subfield>
    <subfield code="a">Sellden, B.</subfield>
    <subfield code="a">Ramstedt, M.</subfield>
    <subfield code="a">Lipniacka, A.</subfield>
    <subfield code="a">Klereborn, J.</subfield>
    <subfield code="a">Jon-And, K.</subfield>
    <subfield code="a">Johansson, E.</subfield>
    <subfield code="a">Holmgren, S.-O.</subfield>
    <subfield code="a">Hidvegi, A.</subfield>
    <subfield code="a">Hellman, S.</subfield>
    <subfield code="a">Bohm, C.</subfield>
    <subfield code="u">Stockholm U.</subfield>
  </datafield>
  <datafield tag="700" ind1=" " ind2=" ">
    <subfield code="a">Gollub, N.</subfield>
    <subfield code="a">Eklund, L.</subfield>
    <subfield code="a">Ekelof, T.</subfield>
    <subfield code="a">Coadou, Y.</subfield>
    <subfield code="a">Brenner, R.</subfield>
    <subfield code="a">Bingefors, N.</subfield>
    <subfield code="u">Uppsala U.</subfield>
  </datafield>
  <datafield tag="700" ind1=" " ind2=" ">
    <subfield code="a">Reale, V.Perez</subfield>
    <subfield code="a">Pretzl, K.</subfield>
    <subfield code="a">Kabana, S.</subfield>
    <subfield code="a">Haeberli, C.</subfield>
    <subfield code="a">Gadomski, S.</subfield>
    <subfield code="a">Comune, G.</subfield>
    <subfield code="a">Beck, H.P.</subfield>
    <subfield code="a">Aracena, I.</subfield>
  </datafield>
  <datafield tag="700" ind1=" " ind2=" ">
    <subfield code="a">Riu, I.</subfield>
    <subfield code="a">Perrin, E.</subfield>
    <subfield code="a">Mikulec, B.</subfield>
    <subfield code="a">Mazzucato, F.</subfield>
    <subfield code="a">Mangin-Brinet, M.</subfield>
    <subfield code="a">Leger, A.</subfield>
    <subfield code="a">Lamarra, D.</subfield>
    <subfield code="a">Ferrere, D.</subfield>
    <subfield code="a">Clark, A.G.</subfield>
    <subfield code="a">Blondel, A.</subfield>
    <subfield code="u">Geneva U.</subfield>
  </datafield>
  <datafield tag="700" ind1=" " ind2=" ">
    <subfield code="a">Zhou, Y.</subfield>
    <subfield code="a">Teng, P.K.</subfield>
    <subfield code="a">Ren, Z.</subfield>
    <subfield code="a">Qing, D.</subfield>
    <subfield code="a">Lin, S.C.C.</subfield>
    <subfield code="a">Lee, S.-C.</subfield>
    <subfield code="a">Hou, S.</subfield>
    <subfield code="a">Hou, L.S.</subfield>
    <subfield code="a">Chu, M.-L.</subfield>
    <subfield code="u">Taiwan, Inst. Phys.</subfield>
  </datafield>
  <datafield tag="700" ind1=" " ind2=" ">
    <subfield code="a">Sultanov, S.</subfield>
    <subfield code="a">Sahin, M.</subfield>
    <subfield code="a">Koru, H.</subfield>
    <subfield code="a">Kantar, M.</subfield>
    <subfield code="a">Ciftci, A.K.</subfield>
    <subfield code="a">Cakir, O.</subfield>
    <subfield code="a">Cakir, I.Turk</subfield>
    <subfield code="a">Ataser, E.</subfield>
    <subfield code="u">Ankara U.</subfield>
  </datafield>
  <datafield tag="700" ind1=" " ind2=" ">
    <subfield code="a">Dogan, B.O.</subfield>
    <subfield code="a">Cetin, S.A.</subfield>
    <subfield code="a">Bingul, A.</subfield>
    <subfield code="a">Beddall, Ay.</subfield>
    <subfield code="a">Beddall, An.</subfield>
    <subfield code="a">Arik, M.</subfield>
    <subfield code="a">Arik, E.</subfield>
    <subfield code="u">Bogazici U.</subfield>
  </datafield>
  <datafield tag="700" ind1=" " ind2=" ">
    <subfield code="a">Wilson, J.A.</subfield>
    <subfield code="a">Watson, A.T.</subfield>
    <subfield code="a">Watkins, P.M.</subfield>
    <subfield code="a">Tan, C.L.A.</subfield>
    <subfield code="a">Staley, R.J.</subfield>
    <subfield code="a">O'Neale, S.W.</subfield>
    <subfield code="a">Moye, T.H.</subfield>
    <subfield code="a">Mahout, G.</subfield>
    <subfield code="a">Jovanovic, P.</subfield>
    <subfield code="a">Hillier, S.J.</subfield>
    <subfield code="a">Garvey, J.</subfield>
    <subfield code="a">Gallop, B.J.</subfield>
    <subfield code="a">Faulkner, P.J.W.</subfield>
    <subfield code="a">Charlton, D.G.</subfield>
    <subfield code="a">Bell, P.J.</subfield>
    <subfield code="u">Birmingham U.</subfield>
  </datafield>
  <datafield tag="700" ind1=" " ind2=" ">
    <subfield code="a">Sabetfakhri, A.</subfield>
    <subfield code="a">Robinson, D.</subfield>
    <subfield code="a">Parker, M.A.</subfield>
    <subfield code="a">Palmer, M.</subfield>
    <subfield code="a">Lester, C.G.</subfield>
    <subfield code="a">Hill, J.C.</subfield>
    <subfield code="a">Goodrick, M.J.</subfield>
    <subfield code="a">Carter, J.R.</subfield>
    <subfield code="a">Barr, A.J.</subfield>
    <subfield code="u">Cambridge U.</subfield>
  </datafield>
  <datafield tag="700" ind1=" " ind2=" ">
    <subfield code="a">Thompson, A.S.</subfield>
    <subfield code="a">Smith, K.M.</subfield>
    <subfield code="a">Shaw, C.A.</subfield>
    <subfield code="a">Saxon, D.H.</subfield>
    <subfield code="a">O'Shea, V.</subfield>
    <subfield code="a">Nicholson, C.</subfield>
    <subfield code="a">Rahman, M.</subfield>
    <subfield code="a">Kennedy, J.</subfield>
    <subfield code="a">Doyle, A.T.</subfield>
    <subfield code="a">Cheplakov, A.</subfield>
    <subfield code="a">Bell, W.H.</subfield>
    <subfield code="a">Bates, R.L.</subfield>
    <subfield code="u">Glasgow U.</subfield>
  </datafield>
  <datafield tag="700" ind1=" " ind2=" ">
    <subfield code="a">Smizanska, M.</subfield>
    <subfield code="a">Small, A.</subfield>
    <subfield code="a">Ratoff, P.N.</subfield>
    <subfield code="a">Kartvelishvili, V.</subfield>
    <subfield code="a">Jones, R.W.L.</subfield>
    <subfield code="a">Hughes, G.</subfield>
    <subfield code="a">Henderson, R.C.W.</subfield>
    <subfield code="a">Chilingarov, A.</subfield>
    <subfield code="a">Catmore, J.R.</subfield>
    <subfield code="a">Brodbeck, T.J.</subfield>
    <subfield code="a">Bouhova-Thacker, E.</subfield>
    <subfield code="u">Lancaster U.</subfield>
  </datafield>
  <datafield tag="700" ind1=" " ind2=" ">
    <subfield code="a">Vossebeld, J.</subfield>
    <subfield code="a">Turner, P.R.</subfield>
    <subfield code="a">Sutcliffe, P.</subfield>
    <subfield code="a">Smith, N.A.</subfield>
    <subfield code="a">Shears, T.</subfield>
    <subfield code="a">Maxfield, S.J.</subfield>
    <subfield code="a">Lindsay, S.</subfield>
    <subfield code="a">King, B.T.</subfield>
    <subfield code="a">Jones, T.J.</subfield>
    <subfield code="a">Jackson, J.N.</subfield>
    <subfield code="a">Houlden, M.A.</subfield>
    <subfield code="a">Greenall, A.</subfield>
    <subfield code="a">Casse, G.L.</subfield>
    <subfield code="a">Booth, P.S.L.</subfield>
    <subfield code="a">Allport, P.P.</subfield>
    <subfield code="u">Liverpool U.</subfield>
  </datafield>
  <datafield tag="700" ind1=" " ind2=" ">
    <subfield code="a">Nagai, K.</subfield>
    <subfield code="a">Morris, J.</subfield>
    <subfield code="a">Morin, J.</subfield>
    <subfield code="a">Martin, A.J.</subfield>
    <subfield code="a">Lloyd, S.L.</subfield>
    <subfield code="a">Landon, M.P.J.</subfield>
    <subfield code="a">Gibson, W.R.</subfield>
    <subfield code="a">Eisenhandler, E.F.</subfield>
    <subfield code="a">Carter, A.A.</subfield>
    <subfield code="a">Belymam, A.</subfield>
    <subfield code="a">Beck, G.A.</subfield>
    <subfield code="u">Queen Mary, U. of London</subfield>
  </datafield>
  <datafield tag="700" ind1=" " ind2=" ">
    <subfield code="a">Teixeira-Dias, P.</subfield>
    <subfield code="a">Santo, A.de</subfield>
    <subfield code="a">Quarman, C.</subfield>
    <subfield code="a">Misiejuk, A.</subfield>
    <subfield code="a">McGarvie, S.</subfield>
    <subfield code="a">Lowe, A.</subfield>
    <subfield code="a">Green, B.J.</subfield>
    <subfield code="a">George, S.</subfield>
    <subfield code="a">Cowan, G.</subfield>
    <subfield code="u">Royal Holloway, U. of London</subfield>
  </datafield>
  <datafield tag="700" ind1=" " ind2=" ">
    <subfield code="a">Warren, M.R.M.</subfield>
    <subfield code="a">Steward, R.M.</subfield>
    <subfield code="a">Sherwood, P.</subfield>
    <subfield code="a">Postranecky, M.</subfield>
    <subfield code="a">Lane, J.B.</subfield>
    <subfield code="a">Konstantinidis, N.</subfield>
    <subfield code="a">Jones, T.W.</subfield>
    <subfield code="a">Fraser, T.J.</subfield>
    <subfield code="a">Drohan, J.</subfield>
    <subfield code="a">Crone, G.</subfield>
    <subfield code="a">Cranfield, R.</subfield>
    <subfield code="a">Couchman, J.P.</subfield>
    <subfield code="a">Clarke, P.E.L.</subfield>
    <subfield code="a">Butterworth, J.M.</subfield>
    <subfield code="a">Anderson, B.</subfield>
    <subfield code="u">University Coll., London</subfield>
  </datafield>
  <datafield tag="700" ind1=" " ind2=" ">
    <subfield code="a">Thompson, R.J.</subfield>
    <subfield code="a">Snow, S.W.</subfield>
    <subfield code="a">Pater, J.</subfield>
    <subfield code="a">Osorio, A.</subfield>
    <subfield code="a">Nauyock, F.</subfield>
    <subfield code="a">Nasteva, I.</subfield>
    <subfield code="a">Mercer, D.</subfield>
    <subfield code="a">Marshall, R.</subfield>
    <subfield code="a">Loebinger, S.K.</subfield>
    <subfield code="a">Kolya, S.D.</subfield>
    <subfield code="a">Ibbotson, M.</subfield>
    <subfield code="a">Hughes-Jones, R.E.</subfield>
    <subfield code="a">Freestone, J.</subfield>
    <subfield code="a">Foster, J.</subfield>
    <subfield code="a">Duerdoth, I.P.</subfield>
    <subfield code="a">Cox, B.</subfield>
    <subfield code="a">Allwood, S.</subfield>
    <subfield code="u">Manchester U.</subfield>
  </datafield>
  <datafield tag="700" ind1=" " ind2=" ">
    <subfield code="a">Weidberg, A.R.</subfield>
    <subfield code="a">Wastie, R.L.</subfield>
    <subfield code="a">Viehhauser, G.</subfield>
    <subfield code="a">Vertogradov, L.</subfield>
    <subfield code="a">Tricoli, A.</subfield>
    <subfield code="a">Bruckman de Renstrom, P.</subfield>
    <subfield code="a">Nickerson, R.B.</subfield>
    <subfield code="a">Loken, J.G.</subfield>
    <subfield code="a">Lavorato, A.</subfield>
    <subfield code="a">Kundu, N.</subfield>
    <subfield code="a">Howell, D.</subfield>
    <subfield code="a">Hindson, D.</subfield>
    <subfield code="a">Hawes, B.</subfield>
    <subfield code="a">Gibson, S.M.</subfield>
    <subfield code="a">Coe, P.</subfield>
    <subfield code="a">Abdelsalam, A.</subfield>
    <subfield code="u">Oxford U.</subfield>
    <subfield code="z">903112</subfield>
  </datafield>
  <datafield tag="700" ind1=" " ind2=" ">
    <subfield code="a">Wickens, F.J.</subfield>
    <subfield code="a">Villani, G.</subfield>
    <subfield code="a">Tyndel, M.</subfield>
    <subfield code="a">Scott, W.G.</subfield>
    <subfield code="a">Qian, W.</subfield>
    <subfield code="a">Phillips, P.W.</subfield>
    <subfield code="a">Perera, V.J.O.</subfield>
    <subfield code="a">Norton, P.R.</subfield>
    <subfield code="a">Murray, W.J.</subfield>
    <subfield code="a">McMahon, S.J.</subfield>
    <subfield code="a">McCubbin, N.A.</subfield>
    <subfield code="a">Hicheur, A.</subfield>
    <subfield code="a">Haywood, S.J.</subfield>
    <subfield code="a">Greenfield, D.</subfield>
    <subfield code="a">Gillman, A.R.</subfield>
    <subfield code="a">Gibson, M.D.</subfield>
    <subfield code="a">Gee, C.N.P.</subfield>
    <subfield code="a">Edwards, J.P.</subfield>
    <subfield code="a">Cox, J.</subfield>
    <subfield code="a">Brawn, I.P.</subfield>
    <subfield code="a">Bizzell, J.P.</subfield>
    <subfield code="a">Batchelor, L.E.</subfield>
    <subfield code="a">Barnett, B.M.</subfield>
    <subfield code="a">Baines, J.T.</subfield>
    <subfield code="a">Apsimon, R.J.</subfield>
    <subfield code="u">Rutherford</subfield>
    <subfield code="z">903174</subfield>
  </datafield>
  <datafield tag="700" ind1=" " ind2=" ">
    <subfield code="a">Tovey, D.R.</subfield>
    <subfield code="a">Moraes, A.</subfield>
    <subfield code="a">Grigson, C.</subfield>
    <subfield code="a">Dervan, P.J.</subfield>
    <subfield code="a">Dawson, I.</subfield>
    <subfield code="a">Buttar, C.M.</subfield>
    <subfield code="a">Booth, P.</subfield>
    <subfield code="a">Booth, C.N.</subfield>
    <subfield code="u">Sheffield U.</subfield>
  </datafield>
  <datafield tag="700" ind1=" " ind2=" ">
    <subfield code="a">Zhichao, L.</subfield>
    <subfield code="a">Wappler, F.</subfield>
    <subfield code="a">Timm, S.</subfield>
    <subfield code="a">Saleem, Muhammad</subfield>
    <subfield code="a">Mahmood, A.</subfield>
    <subfield code="a">Athar, B.</subfield>
    <subfield code="a">Alam, S.</subfield>
    <subfield code="u">SUNY, Albany</subfield>
  </datafield>
  <datafield tag="700" ind1=" " ind2=" ">
    <subfield code="a">Wagner, R.</subfield>
    <subfield code="a">Underwood, D.G.</subfield>
    <subfield code="a">Stanek, R.</subfield>
    <subfield code="a">Proudfoot, J.</subfield>
    <subfield code="a">Price, L.E.</subfield>
    <subfield code="a">Nodulman, L.</subfield>
    <subfield code="a">LeCompte, T.</subfield>
    <subfield code="a">Guarino, V.</subfield>
    <subfield code="a">Grudzinski, J.</subfield>
    <subfield code="a">Drake, G.</subfield>
    <subfield code="a">Dawson, J.</subfield>
    <subfield code="a">Blair, R.E.</subfield>
    <subfield code="u">Argonne</subfield>
  </datafield>
  <datafield tag="700" ind1=" " ind2=" ">
    <subfield code="a">Varnes, E.</subfield>
    <subfield code="a">Tompkins, D.</subfield>
    <subfield code="a">Shupe, M.</subfield>
    <subfield code="a">Shaver, L.</subfield>
    <subfield code="a">Savine, A.</subfield>
    <subfield code="a">Rutherfoord, J.</subfield>
    <subfield code="a">Loch, P.</subfield>
    <subfield code="a">Johns, K.</subfield>
    <subfield code="a">Cheu, E.</subfield>
    <subfield code="u">Arizona U.</subfield>
  </datafield>
  <datafield tag="700" ind1=" " ind2=" ">
    <subfield code="a">Yu, J.</subfield>
    <subfield code="a">Wlodek, T.</subfield>
    <subfield code="a">White, A.</subfield>
    <subfield code="a">Vartapetian, A.</subfield>
    <subfield code="a">Spurlock, B.</subfield>
    <subfield code="a">Li, J.</subfield>
    <subfield code="a">De, K.</subfield>
    <subfield code="a">Brandt, A.</subfield>
    <subfield code="u">Texas U., Arlington</subfield>
  </datafield>
  <datafield tag="700" ind1=" " ind2=" ">
    <subfield code="a">Vahsen, S.</subfield>
    <subfield code="a">Tull, C.</subfield>
    <subfield code="a">Trilling, G.</subfield>
    <subfield code="a">Stavropoulos, G.</subfield>
    <subfield code="a">Siegrist, J.</subfield>
    <subfield code="a">Shapiro, M.</subfield>
    <subfield code="a">Saavedra, A.</subfield>
    <subfield code="a">Richardson, J.</subfield>
    <subfield code="a">Quarrie, D.</subfield>
    <subfield code="a">Marino, M.</subfield>
    <subfield code="a">Madaras, R.</subfield>
    <subfield code="a">Lys, J.</subfield>
    <subfield code="a">Loken, S.</subfield>
    <subfield code="a">Leggett, C.</subfield>
    <subfield code="a">Lavrijsen, W.</subfield>
    <subfield code="a">Hinchliffe, I.</subfield>
    <subfield code="a">Hartman, N.</subfield>
    <subfield code="a">Haber, C.</subfield>
    <subfield code="a">Goozen, F.</subfield>
    <subfield code="a">Gilchriese, M.</subfield>
    <subfield code="a">Garcia-Sciveres, M.</subfield>
    <subfield code="a">Ely, R.</subfield>
    <subfield code="a">Einsweiler, K.</subfield>
    <subfield code="a">Dobbs, M.</subfield>
    <subfield code="a">Costanzo, D.</subfield>
    <subfield code="a">Clark, A.</subfield>
    <subfield code="a">Ciocio, A.</subfield>
    <subfield code="a">Calafiura, P.</subfield>
    <subfield code="a">Blanquart, L.</subfield>
    <subfield code="a">Beringer, Juerg</subfield>
    <subfield code="a">Barnett, M.</subfield>
    <subfield code="a">Anderssen, E.</subfield>
    <subfield code="u">LBL, Berkeley</subfield>
  </datafield>
  <datafield tag="700" ind1=" " ind2=" ">
    <subfield code="a">Youssef, S.</subfield>
    <subfield code="a">Whitaker, S.</subfield>
    <subfield code="a">Shank, J.</subfield>
    <subfield code="a">Marin, A.</subfield>
    <subfield code="a">Hazen, E.</subfield>
    <subfield code="a">Ahlen, S.</subfield>
    <subfield code="u">Boston U.</subfield>
  </datafield>
  <datafield tag="700" ind1=" " ind2=" ">
    <subfield code="a">Wellenstein, H.</subfield>
    <subfield code="a">Schricker, A.</subfield>
    <subfield code="a">Kirsh, L.E.</subfield>
    <subfield code="a">Hashemi, K.</subfield>
    <subfield code="a">Bensinger, J.R.</subfield>
    <subfield code="u">Brandeis U.</subfield>
  </datafield>
  <datafield tag="700" ind1=" " ind2=" ">
    <subfield code="a">Wenaus, T.</subfield>
    <subfield code="a">Undrus, A.</subfield>
    <subfield code="a">Tcherniatine, V.</subfield>
    <subfield code="a">Takai, H.</subfield>
    <subfield code="a">Stumer, I.</subfield>
    <subfield code="a">Sondericker, J.</subfield>
    <subfield code="a">Shelkov, V.</subfield>
    <subfield code="a">Rescia, S.</subfield>
    <subfield code="a">Rehak, M.</subfield>
    <subfield code="a">Rajagopalan, S.</subfield>
    <subfield code="a">Radeka, V.</subfield>
    <subfield code="a">Protopopescu, S.</subfield>
    <subfield code="a">Polychronakos, V.</subfield>
    <subfield code="a">Paige, F.</subfield>
    <subfield code="a">O'Connor, P.</subfield>
    <subfield code="a">Norton, S.</subfield>
    <subfield code="a">Nevski, P.</subfield>
    <subfield code="a">Muller, T.</subfield>
    <subfield code="a">Makowiecki, D.</subfield>
    <subfield code="a">Ma, H.</subfield>
    <subfield code="a">Lissauer, D.</subfield>
    <subfield code="a">LeVine, M.</subfield>
    <subfield code="a">Lanni, F.</subfield>
    <subfield code="a">Kierstead, J.</subfield>
    <subfield code="a">Kane, S.</subfield>
    <subfield code="a">Kandasamy, A.</subfield>
    <subfield code="a">Junnarkar, S.</subfield>
    <subfield code="a">Hackenburg, R.</subfield>
    <subfield code="a">Gratchev, V.</subfield>
    <subfield code="a">Gordon, H.</subfield>
    <subfield code="a">Gordeev, A.</subfield>
    <subfield code="a">Gibbard, B.</subfield>
    <subfield code="a">Fisyak, Y.</subfield>
    <subfield code="a">Fine, V.</subfield>
    <subfield code="a">Faine, V.</subfield>
    <subfield code="a">Deng, W.</subfield>
    <subfield code="a">Damazio, D.</subfield>
    <subfield code="a">Chen, H.</subfield>
    <subfield code="a">Baker, R.</subfield>
    <subfield code="a">Assamagan, K.</subfield>
    <subfield code="a">Adams, D.</subfield>
    <subfield code="u">Brookhaven</subfield>
  </datafield>
  <datafield tag="700" ind1=" " ind2=" ">
    <subfield code="a">Zhao, X.</subfield>
    <subfield code="a">Zenz, S.</subfield>
    <subfield code="a">Teuscher, R.J.</subfield>
    <subfield code="a">Tang, F.</subfield>
    <subfield code="a">Switzer, E.</subfield>
    <subfield code="a">Spano, F.</subfield>
    <subfield code="a">Smirnov, I.</subfield>
    <subfield code="a">Shochet, M.J.</subfield>
    <subfield code="a">Sanders, H.</subfield>
    <subfield code="a">Pod, E.</subfield>
    <subfield code="a">Pilcher, J.</subfield>
    <subfield code="a">Oreglia, M.</subfield>
    <subfield code="a">Merritt, F.</subfield>
    <subfield code="a">Mambelli, M.</subfield>
    <subfield code="a">Hurwitz, M.</subfield>
    <subfield code="a">Gupta, A.K.</subfield>
    <subfield code="a">Gardner, R.W.</subfield>
    <subfield code="a">Blucher, E.</subfield>
    <subfield code="a">Aurisano, A.</subfield>
    <subfield code="a">Anderson, K.</subfield>
    <subfield code="u">Chicago U., EFI</subfield>
  </datafield>
  <datafield tag="700" ind1=" " ind2=" ">
    <subfield code="a">Willis, W.</subfield>
    <subfield code="a">Sippach, W.</subfield>
    <subfield code="a">Simion, S.</subfield>
    <subfield code="a">Parsons, J.</subfield>
    <subfield code="a">Negroni, S.</subfield>
    <subfield code="a">Leltchouk, M.</subfield>
    <subfield code="a">Katsanos, I.</subfield>
    <subfield code="a">Dodd, J.</subfield>
    <subfield code="a">Chi, C.-Y.</subfield>
    <subfield code="a">Ban, J.</subfield>
    <subfield code="u">Nevis Labs, Columbia U.</subfield>
  </datafield>
  <datafield tag="700" ind1=" " ind2=" ">
    <subfield code="a">Wang, C.H.</subfield>
    <subfield code="a">Robertson, W.J.</subfield>
    <subfield code="a">Oh, S.H.</subfield>
    <subfield code="a">Ko, B.R.</subfield>
    <subfield code="a">Fowler, J.</subfield>
    <subfield code="a">Ebenstein, B.</subfield>
    <subfield code="a">Benjamin, D.</subfield>
    <subfield code="u">Duke U.</subfield>
  </datafield>
  <datafield tag="700" ind1=" " ind2=" ">
    <subfield code="a">Vassilakopoulos, V.I.</subfield>
    <subfield code="a">McFarlane, K.W.</subfield>
    <subfield code="a">Baker, O.K.</subfield>
    <subfield code="a">Addy, T.N.</subfield>
    <subfield code="u">Hampton U.</subfield>
  </datafield>
  <datafield tag="700" ind1=" " ind2=" ">
    <subfield code="a">Riegler, W.</subfield>
    <subfield code="a">Oliver, J.</subfield>
    <subfield code="a">Huth, J.</subfield>
    <subfield code="a">Franklin, M.E.B.</subfield>
    <subfield code="a">Felt, N.</subfield>
    <subfield code="a">Brandenburg, G.J.</subfield>
    <subfield code="u">Harvard U., Phys. Dept.</subfield>
  </datafield>
  <datafield tag="700" ind1=" " ind2=" ">
    <subfield code="a">Zieminska, Daria</subfield>
    <subfield code="a">Ogren, H.</subfield>
    <subfield code="a">Luehring, F.</subfield>
    <subfield code="a">Kayumov, F.</subfield>
    <subfield code="a">Gagnon, P.</subfield>
    <subfield code="a">Callahan, J.</subfield>
    <subfield code="u">Indiana U.</subfield>
  </datafield>
  <datafield tag="700" ind1=" " ind2=" ">
    <subfield code="a">Behera, P.K.</subfield>
    <subfield code="u">Iowa U.</subfield>
  </datafield>
  <datafield tag="700" ind1=" " ind2=" ">
    <subfield code="a">Rosenberg, E.I.</subfield>
    <subfield code="a">Meyer, W.T.</subfield>
    <subfield code="a">Lamsa, J.W.</subfield>
    <subfield code="a">Crawley, H.B.</subfield>
    <subfield code="a">Cochran, J.</subfield>
    <subfield code="u">Iowa State U.</subfield>
  </datafield>
  <datafield tag="700" ind1=" " ind2=" ">
    <subfield code="a">Unel, G.</subfield>
    <subfield code="a">Stoker, D.</subfield>
    <subfield code="a">Schernau, M.</subfield>
    <subfield code="a">Pier, S.</subfield>
    <subfield code="a">Lankford, A.J.</subfield>
    <subfield code="a">Hawkins, D.</subfield>
    <subfield code="a">Gough-Eschrich, I.</subfield>
    <subfield code="u">UC, Irvine</subfield>
  </datafield>
  <datafield tag="700" ind1=" " ind2=" ">
    <subfield code="a">Willocq, Stephane</subfield>
    <subfield code="u">Massachusetts U., Amherst</subfield>
  </datafield>
  <datafield tag="700" ind1=" " ind2=" ">
    <subfield code="a">Yamamoto, R.</subfield>
    <subfield code="a">Taylor, F.E.</subfield>
    <subfield code="a">Sciolla, G.</subfield>
    <subfield code="a">Osborne, L.S.</subfield>
    <subfield code="a">Cowan, R.F.</subfield>
    <subfield code="a">Coco, R.</subfield>
    <subfield code="u">MIT</subfield>
  </datafield>
  <datafield tag="700" ind1=" " ind2=" ">
    <subfield code="a">Zhou, B.</subfield>
    <subfield code="a">Zhao, Z.</subfield>
    <subfield code="a">Xu, Q.</subfield>
    <subfield code="a">Weaverdyck, C.</subfield>
    <subfield code="a">Thun, R.</subfield>
    <subfield code="a">Tarle, G.</subfield>
    <subfield code="a">Schick, H.</subfield>
    <subfield code="a">Neal, H.A.</subfield>
    <subfield code="a">McKee, S.</subfield>
    <subfield code="a">Levin, D.</subfield>
    <subfield code="a">Goldfarb, S.</subfield>
    <subfield code="a">Diehl, E.</subfield>
    <subfield code="a">Chapman, John W.</subfield>
    <subfield code="a">Burelo, Eduard De la Cruz</subfield>
    <subfield code="a">Ball, R.</subfield>
    <subfield code="u">Michigan U.</subfield>
  </datafield>
  <datafield tag="700" ind1=" " ind2=" ">
    <subfield code="a">Pope, B.G.</subfield>
    <subfield code="a">Miller, R.J.</subfield>
    <subfield code="a">Linnemann, J.</subfield>
    <subfield code="a">Huston, J.</subfield>
    <subfield code="a">Hauser, R.</subfield>
    <subfield code="a">Bromberg, C.</subfield>
    <subfield code="a">Brock, R.</subfield>
    <subfield code="a">Abolins, M.A.</subfield>
    <subfield code="u">Michigan State U.</subfield>
  </datafield>
  <datafield tag="700" ind1=" " ind2=" ">
    <subfield code="a">Thomas, T.</subfield>
    <subfield code="a">Seidel, S.</subfield>
    <subfield code="a">Latino, G.</subfield>
    <subfield code="a">Hoeferkamp, M.</subfield>
    <subfield code="a">Gorelov, I.</subfield>
    <subfield code="u">New Mexico U.</subfield>
  </datafield>
  <datafield tag="700" ind1=" " ind2=" ">
    <subfield code="a">Willis, S.E.</subfield>
    <subfield code="a">Sirotenko, V.I.</subfield>
    <subfield code="a">Fortner, M.</subfield>
    <subfield code="u">Northern Illinois U.</subfield>
  </datafield>
  <datafield tag="700" ind1=" " ind2=" ">
    <subfield code="a">Kass, R.</subfield>
    <subfield code="a">Kagan, H.</subfield>
    <subfield code="a">Honscheid, K.</subfield>
    <subfield code="a">Gan, K.K.</subfield>
    <subfield code="u">Ohio State U.</subfield>
  </datafield>
  <datafield tag="700" ind1=" " ind2=" ">
    <subfield code="a">Skubic, P.</subfield>
    <subfield code="a">Severini, H.</subfield>
    <subfield code="a">Boyd, G.</subfield>
    <subfield code="u">Oklahoma U.</subfield>
  </datafield>
  <datafield tag="700" ind1=" " ind2=" ">
    <subfield code="a">Williams, H.H.</subfield>
    <subfield code="a">Newcomer, F.M.</subfield>
    <subfield code="a">Keener, P.</subfield>
    <subfield code="a">Dressnandt, N.</subfield>
    <subfield code="a">Berg, R.Van</subfield>
    <subfield code="u">Pennsylvania U.</subfield>
  </datafield>
  <datafield tag="700" ind1=" " ind2=" ">
    <subfield code="a">Savinov, V.</subfield>
    <subfield code="a">Paolone, V.</subfield>
    <subfield code="a">Mcdonald, J.</subfield>
    <subfield code="a">Liu, B.</subfield>
    <subfield code="a">Cleland, W.</subfield>
    <subfield code="a">Boudreau, J.</subfield>
    <subfield code="u">Pittsburgh U.</subfield>
  </datafield>
  <datafield tag="700" ind1=" " ind2=" ">
    <subfield code="a">Slattery, P.</subfield>
    <subfield code="a">Haelen, T.</subfield>
    <subfield code="u">Rochester U.</subfield>
  </datafield>
  <datafield tag="700" ind1=" " ind2=" ">
    <subfield code="a">Spencer, E.</subfield>
    <subfield code="a">Seiden, A.</subfield>
    <subfield code="a">Litke, A.</subfield>
    <subfield code="a">Grillo, A.</subfield>
    <subfield code="u">UC, Santa Cruz</subfield>
  </datafield>
  <datafield tag="700" ind1=" " ind2=" ">
    <subfield code="a">Zarzhitsky, P.</subfield>
    <subfield code="a">Ye, J.</subfield>
    <subfield code="a">Stroynowski, R.</subfield>
    <subfield code="a">Lu, L.</subfield>
    <subfield code="a">Liu, T.</subfield>
    <subfield code="a">Gao, Y.</subfield>
    <subfield code="a">Barberio, E.</subfield>
    <subfield code="u">Southern Methodist U.</subfield>
  </datafield>
  <datafield tag="700" ind1=" " ind2=" ">
    <subfield code="a">Rijssenbeek, M.</subfield>
    <subfield code="a">McCarthy, R.</subfield>
    <subfield code="a">Hobbs, J.</subfield>
    <subfield code="a">Engelmann, R.</subfield>
    <subfield code="u">SUNY, Stony Brook</subfield>
  </datafield>
  <datafield tag="700" ind1=" " ind2=" ">
    <subfield code="a">Wolter, M.</subfield>
    <subfield code="a">Sliwa, K.</subfield>
    <subfield code="a">Rolli, S.</subfield>
    <subfield code="a">Napier, A.</subfield>
    <subfield code="a">Mann, A.</subfield>
    <subfield code="u">Tufts U.</subfield>
  </datafield>
  <datafield tag="700" ind1=" " ind2=" ">
    <subfield code="a">Junk, T.</subfield>
    <subfield code="a">Errede, S.</subfield>
    <subfield code="a">Errede, D.</subfield>
    <subfield code="u">Illinois U., Urbana</subfield>
  </datafield>
  <datafield tag="700" ind1=" " ind2=" ">
    <subfield code="a">Zhao, T.</subfield>
    <subfield code="a">Rothberg, J.</subfield>
    <subfield code="a">Mockett, P.</subfield>
    <subfield code="a">Lubatti, H.</subfield>
    <subfield code="a">Daly, C.</subfield>
    <subfield code="u">Washington U., Seattle</subfield>
  </datafield>
  <datafield tag="700" ind1=" " ind2=" ">
    <subfield code="a">Zobernig, G.</subfield>
    <subfield code="a">Xu, N.</subfield>
    <subfield code="a">Wu, S.L.</subfield>
    <subfield code="a">Wiedenmann, W.</subfield>
    <subfield code="a">Stradling, A.</subfield>
    <subfield code="a">Quayle, W.</subfield>
    <subfield code="a">Pan, Y.B.</subfield>
    <subfield code="a">Paganis, E.</subfield>
    <subfield code="a">Mellado, B.</subfield>
    <subfield code="a">Loureiro, K.</subfield>
    <subfield code="a">Jared, R.C.</subfield>
    <subfield code="a">Gonzalez, S.</subfield>
    <subfield code="a">Ferguson, D.</subfield>
    <subfield code="a">Fang, Y.</subfield>
    <subfield code="a">Cranmer, K.</subfield>
    <subfield code="u">Wisconsin U., Madison</subfield>
    <subfield code="z">903349</subfield>
  </datafield>
  <datafield tag="700" ind1=" " ind2=" ">
    <subfield code="a">Schmidt, M.</subfield>
    <subfield code="a">Gay, C.</subfield>
    <subfield code="u">Yale U.</subfield>
  </datafield>
  <datafield tag="702" ind1=" " ind2=" ">
    <subfield code="a">Gianotti, Fabiola</subfield>
  </datafield>
  <datafield tag="702" ind1=" " ind2=" ">
    <subfield code="a">Charlton, David G.</subfield>
    <subfield code="i">INSPIRE-00072301</subfield>
    <subfield code="z">current</subfield>
  </datafield>
  <datafield tag="710" ind1=" " ind2=" ">
    <subfield code="g">ATLAS</subfield>
  </datafield>
  <datafield tag="856" ind1="4" ind2=" ">
    <subfield code="u">http://cern.ch/atlas</subfield>
  </datafield>
  <datafield tag="856" ind1="4" ind2=" ">
    <subfield code="g">active</subfield>
    <subfield code="u">https://twitter.com/ATLASexperiment</subfield>
    <subfield code="y">TWITTER</subfield>
  </datafield>
  <datafield tag="909" ind1="C" ind2="O">
    <subfield code="o">oai:inspirehep.net:1108541</subfield>
    <subfield code="p">INSPIRE:Experiments</subfield>
  </datafield>
  <datafield tag="961" ind1=" " ind2=" ">
    <subfield code="c">2012-04-13</subfield>
    <subfield code="x">2015-03-23</subfield>
  </datafield>
  <datafield tag="970" ind1=" " ind2=" ">
    <subfield code="a">EXPERIMENT-21393</subfield>
  </datafield>
  <datafield tag="980" ind1=" " ind2=" ">
    <subfield code="a">EXPERIMENT</subfield>
  </datafield>
</record>
</collection>
